2550 3917
193 170 257 235 126
478 187 508 232 1..
526 185 659 232 Aurum
675 183 833 233 suxuuxu

92 350 97 357 ·
190 324 286 385 flecte.
310 330 343 385 ut
358 323 490 392 recedas,
506 340 612 401 magua
627 340 698 402 pars
712 322 833 383 sceleris
847 330 946 383 tamen
1132 341 1184 391 180

191 409 284 470 uestri
299 417 419 487 peraeta
435 416 493 468 est:

164 526 179 561 e
526 490 628 552 Vidit
643 490 742 553 hostili
758 508 848 569 grege
918 545 920 553 ,

192 594 312 655 campos
327 576 437 656 repleri
453 578 560 653 patria,
579 575 726 655 fulgentes
742 574 844 653 procui

191 662 280 722 armis
296 668 431 722 cateruas
445 660 566 722 uidit..
583 662 714 738 equitatu
730 658 788 719 leui
1162 682 1227 730 545

191 746 311 806 cadmea
327 746 421 823 frangi
438 753 521 824 prata
537 751 567 805 et
582 744 714 805 excelsos
729 746 803 824 rutis
979 751 982 756 “

190 828 316 891 uolitare
331 847 481 909 proceres,
498 831 566 912 igne
581 829 741 908 flagrantes
756 827 856 889 trabes
1127 845 1178 898 185

190 915 313 983 iumure,
331 915 423 974 cineri
439 932 514 992 quae
528 920 633 992 petunt
647 920 764 973 nostrus
779 912 884 972 domus

190 999 354 1077 fratresque
369 1033 412 1045 -
427 998 540 1059 iaciuus
555 998 633 1077 quud
650 1007 806 1060 nouum-et
822 993 961 1057 Thebis
976 995 1030 1056 suit
1045 1029 1088 1040 -

190 1085 219 1142 in
236 1100 268 1142 se
283 1090 418 1143 ruentes:
695 1075 701 1087 '
1162 1104 1224 1150 550

454 1166 547 1226 Totus
561 1166 618 1226 hoe
634 1166 790 1240 exereitus,

190 1251 246 1310 hoc
261 1247 391 1328 populus
407 1254 556 1328 utrimque
572 1254 677 1319 omnis,
695 1250 752 1309 hoe
767 1249 863 1309 uidit
877 1265 972 1318 soror,

189 1335 382 1412 genetrixque
398 1334 505 1402 uidit,
523 1352 591 1394 nam
607 1342 691 1414 puter
707 1332 794 1394 debet
810 1333 865 1393 sibi
1127 1351 1180 1402 190

189 1418 268 1497 quod
284 1419 337 1477 ista
355 1436 414 1477 non
430 1420 583 1496 spectauit.
615 1425 754 1479 occurrat
769 1417 822 1477 tibi

189 1519 268 1562 nune
284 1501 423 1580 Oedipus,
440 1520 504 1581 quo.
514 1501 612 1562 iudice
628 1503 740 1563 erroris
755 1519 874 1580 quoque

162 1603 302 1663 poenae
316 1594 467 1665 petuntur.
499 1604 536 1646 ne
552 1604 661 1664 precor
676 1588 757 1647 terro
774 1603 845 1647 erue
1161 1609 1218 1655 555

188 1672 313 1749 patriam
329 1688 363 1730 ae
378 1678 501 1749 penates
516 1687 607 1740 neue,
625 1688 699 1748 quas
715 1687 820 1747 regere
836 1670 952 1751 expetis

188 1759 290 1815 euerte
306 1753 462 1814 Thebas.
1126 1774 1177 1823 105

519 1838 589 1909 Quis
606 1844 686 1899 tenet
699 1837 948 1919 mentem-furori

187 1922 315 1999 petendo
330 1922 458 1999 petriam
474 1922 592 1999 perdis?
614 1930 648 1983 ut
663 1923 713 1983 fiet
728 1931 785 1993 tue,

187 2008 234 2066 uis
250 2023 314 2066 esse
330 2004 459 2065 nuliam?
478 2007 554 2085 ¹quin
570 2015 638 2069 tuae
653 2026 760 2067 causae
775 2014 864 2067 nocet
927 2062 929 2068 .

186 2089 357 2168 ipsumhoc
373 2090 452 2167 quod
468 2092 559 2151 armis
573 2093 636 2151 uris
651 2091 765 2152 infestis
781 2089 875 2150 solum

186 2182 360 2252 segetesque
376 2173 491 2235 adultas
506 2176 614 2235 sternis
629 2184 660 2235 et
674 2182 752 2235 totos
768 2175 868 2252 iugem

187 2259 249 2318 edis
264 2276 319 2336 per
335 2275 436 2336 agros:
461 2277 548 2319 nemo
563 2260 606 2319 sie
621 2265 717 2321 uastat
731 2277 793 2321 sua.
1124 2280 1175 2326 200

164 2360 177 2410 f
230 2341 310 2412 Quae
327 2344 437 2421 corripi
453 2344 521 2419 igne
536 2361 611 2421 quae
626 2344 699 2403 meti
714 2341 810 2419 gladio
826 2340 908 2403 iubes

186 2425 280 2487 aliena
297 2427 415 2487 eredis?
437 2445 491 2487 rex
506 2429 545 2487 sit
560 2446 576 2487 e
593 2427 679 2487 uubis
694 2433 761 2487 uter

185 2519 322 2571 manente
338 2528 431 2589 regno
447 2513 590 2590 quaerite.
622 2511 695 2571 haee
711 2510 777 2571 telis
792 2519 875 2589 petes
973 2520 975 2527 ⁴
1013 2524 1077 2573 Quat
1096 2525 1122 2565 Vt
1156 2534 1209 2580 505

160 2613 162 2618 ·
184 2594 368 2674 flammisque
387 2597 482 2655 tecta?
497 2598 609 2672 puteris
624 2596 678 2655 has
692 2594 866 2671 Amphionis
1016 2609 1038 2649 r.
1054 2608 1207 2677 xxxxvmx

185 2697 325 2758 quassare
342 2679 453 2740 moles?
475 2678 554 2739 nulia
570 2696 646 2758 quae
661 2681 767 2739 struxit
782 2698 895 2750 manus,
1119 2700 1171 2748 ‘205

254 2915 303 2963 186
321 2917 429 2978 petent
446 2915 478 2964 ci.
499 2914 573 2964 Nlls.
603 2911 615 2980 ΙΙ
646 2916 694 2966 189
713 2920 741 2965 et
758 2914 875 2981 populus
893 2918 980 2967 omnis
998 2920 1101 2969 utram·

185 2997 237 3047 que
255 2982 308 3030 hoe
324 2980 394 3030 uidit
412 2994 488 3030 soror
505 2980 531 3029 E
555 2978 621 3045 (hoc
639 2999 702 3048 pop.
723 2983 810 3033 omnis
827 2984 963 3047 utrimque
981 2988 999 3035 t.
1013 2985 1102 3041 NHr.,

184 3048 236 3099 hoe
257 3047 393 3112 utrimque
416 3063 479 3113 pop.
498 3050 585 3099 omnis
609 3057 626 3099 t.
648 3051 738 3112 Gran.)
770 3055 798 3099 et
820 3051 937 3117 populus
960 3052 1048 3102 omnis
1074 3056 1101 3101 et

183 3121 299 3179 utruque
317 3114 370 3165 hoc
388 3131 416 3164 u.
430 3130 452 3165 s.
467 3116 491 3164 Α
510 3116 563 3166 hoe
580 3132 643 3181 pop.
656 3120 793 3182 utrimque
812 3115 1090 3183 omnisL.1t1uelter.ll

185 3186 234 3234 190
251 3182 314 3232 uidi
332 3184 363 3232 ci.
376 3182 452 3236 Μὶν.
475 3180 487 3249 ΙΙ
511 3184 558 3234 191
577 3193 661 3250 onusta
683 3181 696 3251 Ι]
719 3188 768 3236 196
786 3187 904 3251 petendo
922 3187 1041 3250 petriam
1059 3187 1100 3236 Αε

185 3248 231 3313 (cf.
255 3250 315 3300 iro.
334 3253 393 3303 268.
425 3251 995 3317 Herell„18631uuen.eat.III.232.
1027 3252 1099 3303 Ouid.

182 3319 238 3371 ter.
268 3318 319 3368 IX.
348 3316 412 3382 126)
445 3315 458 3384 Η
493 3320 542 3369 198
569 3321 671 3371 uestris
698 3324 739 3371 uel
769 3322 872 3371 nostris
900 3330 924 3386 ψ
968 3322 1054 3371 uertis
1082 3336 1101 3371 α

182 3386 241 3466 uris
258 3385 311 3519 ΕΙ
354 3386 533 3436 tutaturus
551 3388 576 3437 Α
600 3387 753 3438 adultasE
775 3385 787 3453 Η
815 3390 866 3439 905
884 3403 955 3452 quus
972 3405 994 3439 ω
1023 3400 1101 3451 quae

183 3467 277 3517 scripse
582 3500 586 3505 ,
883 3502 885 3507 ,
1065 3476 1089 3507 ·.
