2550 3917
570 209 722 258 OEDIPVS

342 349 485 430 [audacis
499 354 570 411 uiae
584 367 682 411 comes
697 347 819 430 audac]

339 434 477 513 quicquid
495 436 619 495 excessit
634 435 770 503 mudum,

339 519 446 596 pendet
461 517 590 580 instabili
605 518 692 610 lucc

381 687 439 749 Sed
455 689 525 766 qnid
541 689 618 749 hoc‘t
641 696 741 767 postes
757 697 871 750 sonant.

338 782 467 834 maestus
483 793 521 834 en
536 773 664 834 famulus
679 792 767 834 manu

338 859 438 935 regius
454 876 596 936 quassans
611 868 708 936 caput.

339 943 392 1003 ede
409 942 478 1022 quid
494 951 597 1021 portes
612 945 691 1004 noui.

490 1244 497 1258 .
562 1209 723 1258 NVNTIVS.

149 1391 169 1424 a
231 1366 381 1426 Praedicta
398 1374 552 1444 postquam
569 1366 626 1425 iata
643 1375 672 1426 et
687 1365 838 1426 iniandum
855 1384 949 1443 genus

185 1450 342 1528 deprendit
357 1468 391 1509 ac
407 1469 439 1511 se
454 1449 567 1511 sceiere
583 1451 753 1511 conuictum
770 1449 901 1528 Oedipus

184 1535 335 1595 damnauit
349 1536 426 1612 ipse,
444 1537 555 1612 regiam
572 1535 695 1595 infestus
711 1543 813 1612 petens

183 1621 279 1680 inuisa
296 1627 517 1697 propero-tecta
534 1622 701 1697 penetrauit
716 1621 818 1696 gradu.

146 1714 167 1762 b
230 1704 329 1774 Qualis
344 1721 399 1781 per
415 1721 486 1764 arna
502 1702 614 1782 libycus
629 1706 734 1764 insanit
750 1705 796 1765 leo

184 1788 298 1849 fuluam
313 1790 420 1848 minaci
436 1788 534 1848 fronte
550 1791 724 1849 concutiens
739 1789 854 1850 iubam:

184 1872 286 1933 uultus
301 1872 402 1934 iurure
417 1881 521 1934 toruus
536 1881 625 1951 atque
641 1873 719 1934 oculi
734 1883 848 1943 truces,

183 1961 313 2035 gemitus
328 1968 358 2018 et
373 1956 462 2018 altum
479 1975 615 2017 murmur
631 1965 660 2019 et
675 1958 790 2035 gelidus
805 1959 869 2019 ssnit

184 2043 277 2102 sudor
291 2060 346 2121 per
361 2051 459 2112 artus,
474 2051 593 2121 spumat
608 2053 636 2102 et
652 2043 745 2103 uoluit
761 2045 855 2104 minas

184 2145 220 2187 ac
236 2145 351 2188 mersus
366 2127 423 2188 alte
439 2143 563 2205 magnus
579 2129 708 2188 exundat
722 2127 817 2190 dolor.
1120 2145 1170 2195 945

150 2212 176 2270 a'
230 2212 337 2272 Secum
353 2213 416 2290 ipse
431 2231 539 2272 saeuus
554 2213 666 2289 grande
682 2214 782 2273 nescio
798 2215 867 2290 quid
883 2221 968 2292 parat

183 2298 307 2372 suisque
322 2295 388 2356 taus
403 2297 510 2357 simile.
541 2298 631 2376 ‘qnid
649 2316 759 2376 poenas
775 2299 894 2358 moror?

185 2383 240 2449 ait,
260 2380 336 2440 ‘hcc
350 2380 508 2442 scelestum
524 2390 627 2458 pectus
643 2389 692 2442 aut
707 2383 787 2443 ferro
804 2390 885 2460 petat

185 2472 236 2525 aut
251 2465 365 2526 feruido
381 2465 485 2544 aliquis
501 2467 568 2544 igne
583 2465 631 2527 nel
648 2485 718 2528 saxo
734 2468 842 2530 domet.

148 2551 177 2608 b'
231 2550 312 2621 Quae
329 2552 412 2627 tigris
427 2559 477 2612 aut
493 2569 568 2628 quae
583 2569 672 2612 saeua
688 2552 853 2613 uisceribns
869 2555 943 2613 meis
1118 2567 1169 2618 950

184 2635 319 2695 incurret
333 2634 411 2696 aies?
434 2638 498 2713 ipse
514 2645 545 2695 tu
560 2636 706 2697 scelerum
723 2655 816 2714 capax

185 2737 270 2778 sacer
287 2719 444 2780 Cithaeron
460 2719 509 2780 uel
526 2720 648 2780 ferasin
665 2729 793 2782 metuas

186 2805 287 2864 emitte
302 2803 398 2874 siluis,
416 2807 498 2866 mitte
514 2805 562 2865 uei
578 2805 698 2867 rabidos
714 2824 811 2867 canes.

254 3059 303 3108 929
316 3057 438 3107 Audacis
448 3060 512 3108 uiae
527 3074 618 3108 comes
630 3060 720 3108 audax
732 3058 867 3125 chomes
878 3061 991 3110 audacis
1002 3061 1066 3111 niae
1077 3061 1101 3110 Α

120 3209 129 3217 ,
189 3172 310 3222 compos
329 3157 472 3208 LMueiIer.
491 3161 575 3208 deieci
590 3157 602 3226 ΙΙ
625 3162 675 3210 932
694 3160 745 3210 hoc
766 3161 788 3208 E
805 3161 851 3211 hic
869 3163 894 3211 Α
912 3158 923 3227 ΙΙ
947 3137 1025 3227 prices
1043 3162 1069 3211 Ε
1089 3163 1100 3225 Η

187 3230 287 3340 ponant
304 3225 330 3274 E
348 3231 428 3275 sonat
445 3227 471 3276 Α
487 3223 499 3290 ΙΙ
515 3229 565 3278 933
583 3228 689 3310 Meuius
708 3233 736 3277 et
753 3228 804 3310 ΕψΙ
827 3245 865 3278 en
878 3230 954 3279 NHs.
972 3226 984 3296 Η
1000 3230 1102 3295 Regios

200 3309 253 3341 .m.
268 3309 287 3342 α
302 3290 314 3359 Η
331 3295 381 3343 934
399 3295 502 3358 Regius
515 3295 540 3342 E
557 3295 695 3360 Reginam
713 3297 836 3346 Moestus
850 3301 879 3346 et
910 3313 954 3349 .c.
968 3301 1009 3364 ull
1022 3312 1102 3378 quas·

189 3363 231 3408 sat
242 3361 267 3408 E
285 3376 421 3424 quassans
439 3359 488 3428 ΑΙΙ
504 3363 553 3412 936
572 3378 659 3427 genus
677 3363 729 3413 ΕΑ
748 3363 839 3414 scelus
857 3361 896 3431 cpi
917 3367 966 3416 949
984 3367 1043 3442 fluit
1062 3367 1101 3417 εΑ

189 3426 338 3561 guirptrapcip
349 3430 404 3563 91918ΙΙ
416 3430 465 3548 35¹3
480 3428 775 3565 itrlpgsdffltnpipc‘drtnli
792 3433 840 3482 951
860 3433 995 3486 scelerum
1019 3433 1102 3498 (putus
