2550 3917
172 161 236 225 408
573 173 714 221 rncsarr

174 318 204 376 in
220 315 286 376 luce
303 316 428 374 miseros
443 316 518 374 uita:
543 315 691 374 cariturae
706 313 834 375 Hercule

175 400 225 461 lux
241 400 307 460 uitis
323 402 375 458 ista
393 406 447 458 est.
477 401 591 476 exigam
608 416 719 477 poenas
735 398 786 458 tibi

174 486 356 563 reddamque
373 486 472 544 uitam.
504 483 562 543 iata
578 501 616 542 an
632 484 759 544 extendo
775 501 840 544 mea

175 579 362 647 mortemque
378 570 506 628 coniunx
523 568 559 628 ad
576 575 641 628 tuas
656 586 744 629 seruo
760 570 882 628 manus?

174 656 308 716 uirtusne
325 660 462 730 superest
477 652 572 731 aliqua
590 662 619 714 et
634 661 764 714 armatae
778 670 883 712 manus

175 739 329 799 intendere
344 755 446 798 arcum
462 737 519 798 teia
536 740 695 798 missurum
713 736 814 798 ualent

175 841 211 885 an
228 841 309 883 arma
327 832 443 882 cessant
458 829 546 899 teque
562 822 713 901 languenti
730 840 818 882 manu

175 925 233 968 non
250 907 332 967 audit
347 908 452 967 arcus?
474 909 499 967 si
516 915 602 985 potes
617 908 708 967 letum
726 907 796 966 dare

175 993 465 1059 animoseconiuux,
482 992 634 1052 dexteram
652 1000 775 1069 expecto
793 999 889 1051 tuam:

175 1096 256 1137 mors
273 1077 433 1137 differatur.
466 1076 569 1155 frange
585 1084 618 1137 ut
632 1078 781 1136 insontem
797 1075 922 1141 Lichan,
940 1107 953 1131 .

174 1161 246 1221 alias
261 1161 290 1221 iu
307 1160 398 1221 urbes
412 1179 520 1238 sparge
536 1169 565 1221 et
579 1162 711 1238 ignotum
729 1159 781 1219 tibi

174 1247 288 1305 inmitte
305 1248 333 1304 in
351 1245 464 1306 orbem.
496 1245 589 1324 perde
604 1253 636 1305 ut
651 1245 793 1305 Arcadiae
809 1245 891 1305 nasas

175 1339 205 1391 et
221 1330 359 1409 quicquit]
377 1329 454 1390 aliud
471 1330 568 1390 cessit.
600 1349 615 1390 a
632 1328 715 1389 bellis
732 1336 830 1390 tamen

175 1416 303 1474 coniunx
319 1414 431 1474 redisti.

176 1513 257 1559 HYL.
425 1530 431 1536 »
485 1499 646 1575 parociam
662 1506 887 1575 materprecor.

174 1586 294 1660 ignosce
310 1584 386 1643 tatis.
418 1601 504 1643 error
519 1602 535 1643 a
552 1582 638 1659 culpa
655 1590 749 1643 uacat.

173 1681 293 1727 Duram.
311 1670 334 1728 si
350 1685 421 1728 uera
436 1669 529 1747 pietas
545 1667 628 1747 Hylle
645 1668 811 1745 quaerenda
830 1668 956 1728 esttibi:

173 1755 231 1812 iam
250 1755 361 1829 perime
378 1762 513 1812 matrem.
546 1753 657 1830 trepida
674 1753 744 1830 qnid
761 1754 858 1812 renuit
874 1754 999 1814 manus?

174 1837 243 1913 quid
261 1856 311 1896 ora
329 1837 442 1899 flectis?
465 1838 538 1897 haec
554 1838 610 1896 erit
626 1838 718 1913 pietas
734 1835 848 1896 scelus?

172 1924 281 1998 ignaue
297 1920 430 1982 dubitas?
454 1921 616 2019 Herculem!
630 1922 725 1998 eripui
742 1920 808 1989 tihi,

241 2174 291 2225 973
310 2175 449 2224 carituras
469 2183 507 2237 εψ
527 2178 654 2224 caritura
673 2191 691 2223 α
714 2171 725 2237 Η
749 2176 799 2224 974
817 2175 878 2224 Lux
896 2175 946 2225 illa
964 2176 1049 2226 sistat
1066 2178 1093 2227 Ε

171 2242 234 2292 Lux
256 2242 322 2292 uilis
344 2243 400 2291 ista
423 2246 467 2292 est
485 2243 509 2292 A
542 2243 660 2304 (estem.
679 2242 751 2305 1719)
781 2244 844 2291 Lux
861 2243 917 2292 ista
941 2245 1031 2293 satis
1049 2250 1093 2295 est

171 2312 213 2360 uel
235 2309 268 2359 L.
293 2311 311 2360 i.
336 2314 450 2360 restat
473 2325 559 2375 quae
583 2312 683 2373 exigat
708 2309 785 2363 Gran.
816 2309 877 2359 Lux
899 2311 955 2359 istc
977 2313 1019 2361 sit
1042 2317 1091 2362 sat

170 2378 270 2427 lGron.
294 2374 306 2443 ΙΙ
330 2379 425 2443 exigat
442 2377 468 2425 E
488 2378 596 2442 exigam
614 2379 639 2427 A
661 2373 673 2443 ΙΙ
693 2376 747 2426 sibi
765 2377 789 2425 Ε
807 2377 861 2426 tibi
879 2379 903 2428 A
927 2375 939 2443 Η
962 2381 1012 2429 975
1030 2381 1094 2430 fata

172 2461 207 2494 an
227 2446 252 2494 E
270 2445 368 2494 fatone
387 2446 412 2495 A
429 2440 441 2510 ΙΙ
459 2446 578 2494 extendo
597 2446 647 2505 Εψ
667 2444 824 2494 extendam
843 2461 862 2495 ot
877 2442 889 2511 ΙΙ
905 2448 955 2496 978
974 2447 1009 2497 ad
1028 2452 1092 2497 tuas

171 2514 220 2563 Ε17
242 2514 272 2561 in
289 2518 352 2563 tuas
371 2514 395 2562 A
417 2509 429 2578 ΙΙ
451 2528 531 2562 seruo
554 2512 603 2562 ER
623 2513 743 2562 Detrioni
761 2514 879 2578 pleraque
903 2529 1012 2564 seruam
1031 2518 1055 2565 A
1076 2512 1092 2577 ti

171 2581 220 2631 977
240 2584 269 2631 et
286 2584 393 2630 armata
411 2595 509 2630 manus
527 2580 604 2629 EM
613 2595 631 2642 9
652 2580 814 2630 Germanicus
837 2585 866 2630 ot
884 2586 1014 2632 armatae
1033 2598 1089 2631 ma-

171 2662 223 2696 nus
287 2648 386 2698 uolent
402 2649 509 2713 Lipsius
527 2648 685 2697 Sarmatica
704 2651 732 2697 et
749 2662 847 2697 manus
866 2649 890 2697 A
903 2645 914 2713 ΙΙ
925 2655 986 2712 post
1003 2667 1027 2700 a.
1040 2653 1091 2700 977

171 2718 325 2780 interposito
346 2722 404 2765 cunt
427 2716 504 2766 haee:
535 2715 590 2764 Seu
613 2714 684 2779 (Sed
707 2714 745 2780 17)
775 2715 836 2765 dira
860 2730 936 2766 soror
965 2722 1008 2767 est
1030 2716 1093 2781 (est

172 2798 248 2832 soror
261 2783 293 2846 lt)
314 2783 384 2833 adde
402 2799 445 2832 me
465 2784 591 2833 comitem
610 2784 665 2832 tuis
686 2782 809 2847 1791710
823 2784 844 2833 G
856 2786 907 2834 nim
921 2786 958 2834 ad
968 2802 991 2834 u.
1005 2787 1055 2835 965
1074 2785 1090 2847 ii

171 2851 220 2901 978
239 2852 385 2901 missurum
398 2851 422 2900 A
442 2852 616 2901 misserorum
636 2850 661 2899 Ε
671 2866 689 2915 9
709 2847 721 2915 Η
741 2849 838 2899 ualent
856 2864 869 2901 ε
880 2853 915 2915 97
933 2851 1011 2901 ualet
1029 2853 1054 2902 A
1074 2854 1090 2915 ti

171 2921 221 2969 979
240 2919 281 2968 An
301 2934 378 2968 arma
397 2918 621 2970 anenatpau.
650 2919 716 2967 Nun
736 2933 812 2967 arms
831 2935 849 2968 α
872 2919 985 2984 nomo
1009 2920 1090 2971 Nunc

169 2987 237 3035 Poll.
261 2982 273 3051 ΙΙ
296 2988 347 3037 989
364 2986 425 3035 Non
444 2985 522 3035 audit
541 2986 607 3035 εΙΕ
619 2986 642 3034 17
653 2988 696 3050 ap?
719 2988 786 3037 Nun
805 2986 884 3036 audit
902 3003 921 3037 α
943 2988 1013 3038 Num
1030 2996 1054 3051 ψ
1074 2989 1087 3049 ΙΙ

172 3069 238 3102 arcu
257 3054 281 3105 si
300 3055 325 3103 Ε
348 3050 359 3120 Η
383 3060 462 3117 potes
481 3053 648 3116 eRLipaius
660 3051 741 3119 (affl)
765 3058 859 3117 potest
876 3055 901 3105 A
926 3051 937 3121 Η
960 3055 1045 3121 letum
1064 3048 1110 3104 Ε’

171 3121 255 3170 letum
274 3122 343 3185 Rp?
356 3122 432 3171 IPnl.
452 3121 539 3169 telum
557 3121 582 3171 A
595 3117 607 3187 ΙΙ
619 3122 666 3171 981
686 3121 815 3171 Animosa
834 3123 994 3186 eRLtpatus
1007 3121 1092 3187 (ΛΕΡ)

170 3189 303 3238 Animosa
321 3190 346 3237 A
364 3184 572 3253 {i9841nmitts
590 3188 616 3237 Ε
634 3189 735 3239 Emitte
754 3190 778 3238 A
796 3184 809 3255 ΙΙ
829 3192 879 3241 985
898 3193 985 3241 cessit
1003 3190 1027 3239 E
1045 3207 1088 3241 re-

171 3258 244 3305 stitit
257 3257 282 3306 A
295 3252 307 3323 li
319 3257 353 3306 ab
372 3256 428 3305 illis
441 3273 462 3305 ω
481 3260 514 3305 et
532 3257 566 3306 ab
586 3256 645 3305 illis
665 3257 743 3306 Gran.
764 3272 781 3306 a
798 3257 890 3307 bellis
909 3258 958 3311 Bo.
980 3274 997 3307 a
1015 3258 1091 3307 bel-

170 3324 218 3374 uis
240 3326 296 3387 ipae
319 3326 485 3375 contererem.
515 3320 527 3389 1]
556 3326 606 3373 986
628 3325 692 3374 haec
710 3325 789 3375 uerba
812 3340 896 3389 parce
920 3326 976 3376 iarn
999 3330 1092 3376 mater

170 3406 269 3455 precor
287 3394 378 3441 desunt
397 3389 443 3454 ΕΙΙ
455 3392 505 3440 989
524 3391 633 3456 trepida
651 3392 677 3441 Ε
695 3393 798 3455 panida
817 3392 841 3441 A
853 3388 866 3459 [l
878 3395 971 3442 renuit
989 3394 1014 3443 Ε
1032 3398 1089 3444 tre-

169 3459 240 3506 muit
257 3458 282 3506 A
306 3454 317 3523 [l
340 3458 479 3508 cechaeo
497 3458 522 3506 Ε
540 3459 592 3507 hoc
611 3460 635 3507 A
660 3456 672 3524 ss
695 3461 742 3509 991
763 3461 866 3525 eripuit
884 3460 936 3509 tibi
953 3460 979 3510 E
1001 3456 1014 3525 ΙΙ
