2550 3917
184 126 227 190 60
464 140 495 186 n.
512 140 646 187 annam
664 141 820 189 sennenn

186 297 239 339 nes
255 297 373 359 quoque
388 286 560 347 tremamus,
577 297 701 357 quaere:
719 282 775 339 iarn
794 289 891 339 nostra
908 280 986 341 subit

186 383 202 425 e
217 364 309 442 stirpe
322 363 410 424 turha
427 382 502 441 quae
517 382 602 424 suurn
619 366 719 424 uineat
734 381 827 442 genus
868 382 870 385 ·

185 467 219 509 ae
236 467 283 507 me
299 449 486 509 innocentem
504 448 590 507 iaciat
606 457 635 509 et
651 450 751 509 inausa
768 449 883 509 audeat.

151 548 167 581 0
227 532 360 608 Reginae
376 533 516 611 quicquid
533 535 611 609 inpia
627 542 723 594 cessat
738 531 805 601 inei,
884 590 891 603 ,

186 615 346 695 eonpiehe,
365 635 528 694 numquam
544 625 641 677 stante
656 617 780 697 pelopea
798 618 888 677 domn

184 701 280 761 Minos
296 701 421 762 uaeabit.
496 716 499 721 ·

184 798 263 845 uvir.
469 804 559 863 perge
576 786 756 846 detestabilis

185 869 290 929 umbra
308 878 337 928 et
352 879 473 947 penates
489 871 586 947 inpios
608 870 719 931 iuriis
741 888 805 949 age.
878 944 886 951 ⁴

150 986 165 1019 c
229 954 365 1014 Certatur
380 957 461 1014 omni
477 953 590 1015 sceiere
612 962 641 1013 et
657 954 768 1015 alterna
785 956 849 1015 uiae

186 1041 348 1116 stringatur
365 1040 452 1099 ensis.
484 1058 540 1099 nee
555 1040 592 1099 sit
607 1041 720 1101 irarum
737 1040 842 1100 modus

185 1123 337 1201 pudorue:
354 1131 468 1184 mentes
484 1142 590 1183 caecus
605 1126 724 1202 instiget
739 1125 859 1194 furor,

184 1206 282 1268 rabies
298 1216 453 1284 parentum
470 1208 555 1269 duret
571 1216 600 1270 et
615 1208 736 1287 lengum
753 1210 835 1269 nefas

163 1339 165 1343 ,
186 1298 232 1352 eat
247 1294 275 1352 in
292 1301 425 1369 nepotes.

96 1435 101 1442 .
150 1392 168 1441 b
465 1376 527 1438 Neu
541 1384 628 1438 uacet
644 1379 780 1457 cuiquam
796 1386 883 1439 uetus

186 1461 282 1521 odisse
298 1462 456 1521 crimen:
480 1480 599 1540 semper
614 1464 728 1522 oriatur
743 1481 854 1523 nouum

186 1564 241 1606 nee
257 1564 350 1606 unum
366 1547 395 1605 in
412 1565 485 1614 uno,
503 1547 633 1625 dumque
649 1550 769 1624 punitur
786 1547 925 1617 scelus,

187 1637 310 1691 crescat.
335 1631 471 1709 superbis
487 1631 630 1691 iratribus
646 1648 758 1707 regna
776 1631 911 1691 excidant

185 1723 360 1793 repetatque
376 1715 520 1793 profugus
541 1715 630 1775 dubia
646 1715 792 1775 uiolentae
809 1716 913 1775 demus

186 1800 313 1860 fortuna.

144 1884 173 1951 b'
350 1884 446 1962 Reges
462 1885 538 1943 inter
556 1885 687 1943 incertus
702 1883 781 1944 labet

187 1969 292 2051 [miser
306 1988 346 2031 ex
355 1976 483 2046 potente
495 1972 567 2042 fiat,
584 1986 625 2028 ex
638 1972 748 2028 misero
757 1966 881 2049 potens]

184 2054 335 2133 fluctuque
351 2070 414 2129 reg
427 2070 509 2113 num
526 2070 613 2113 casus
628 2050 751 2114 adsidue
768 2052 852 2113 ferat.

185 2139 223 2199 ub
246 2138 391 2199 seelera
413 2135 506 2215 pulsi,
530 2154 596 2197 eum
614 2135 694 2196 dabit
709 2139 833 2215 patriam
849 2138 931 2206 deus,

185 2225 215 2283 in
236 2222 385 2284 scelera
406 2222 530 2282 redeant
551 2223 667 2299 sintque
683 2228 743 2281 tam
760 2222 847 2281 inuisi
863 2223 1010 2292 omnihus,

186 2326 272 2386 quam
289 2307 355 2368 sibi.
385 2305 457 2365 nihil
473 2306 510 2364 sit
526 2306 567 2365 ira
585 2306 663 2382 qued
679 2308 803 2367 uetitum
820 2314 917 2387 putet:

151 2409 167 2443 ο
227 2392 395 2453 Fratrem
418 2396 594 2466 expaueseat
610 2389 745 2462 irater,
763 2398 792 2452 et
807 2398 924 2468 gnatum
943 2409 1050 2468 parens

183 2484 348 2554 gnatusque
364 2483 495 2553 patrem,
513 2473 597 2534 liberi
613 2484 737 2552 pereant
752 2476 837 2545 male,

184 2562 268 2638 peius
283 2567 381 2620 tamen
398 2566 570 2628 nascantur,
587 2560 811 2637 inmineatuiro

184 2646 288 2705 intesta
307 2645 451 2712 coniunx,
468 2641 543 2703 helia
560 2651 642 2703 trans
657 2652 780 2721 pontum
797 2644 915 2704 uehant.

149 2723 173 2781 c'
220 2730 337 2789 Effusus
353 2729 448 2788 omnis
463 2728 571 2805 inriget
585 2735 680 2788 terras
697 2746 786 2789 eruor

184 2831 333 2892 supraque
348 2829 471 2890 magnus
487 2814 618 2889 gentium
636 2812 745 2873 exultet
761 2813 852 2872 duces

184 2897 277 2957 libide·
290 2898 406 2958 uictrix.
429 2897 506 2974 inpia
523 2905 659 2975 stuprum
675 2899 705 2955 in
722 2898 810 2956 domo

183 2980 367 3042 leuissimum
383 2983 430 3041 sit.
465 2982 601 3041 fratris
618 2988 647 3041 et
662 2981 705 3039 ias
722 2990 748 3041 et
764 2982 836 3041 tides

986 1204 1000 1231 θ

250 3222 283 3269 23
299 3219 347 3268 Μ).
360 3221 384 3268 Α
402 3218 522 3269 FVRIA.
540 3217 567 3266 E
586 3214 633 3280 (sic
644 3233 694 3281 per
706 3224 783 3268 totum
794 3218 921 3284 scaenam)
939 3216 951 3286 ss
968 3222 1001 3269 26
1013 3220 1097 3270 strin-

183 3292 283 3353 gantur
302 3302 382 3337 enses
401 3288 425 3335 A
456 3287 611 3350 stringatur
629 3300 690 3334 eses
710 3286 734 3333 E
756 3285 814 3347 (etr.
835 3288 909 3336 ensis
927 3288 952 3339 E
971 3295 988 3336 t.
1000 3288 1056 3347 Gr.)
1074 3284 1085 3351 ΙΙ

181 3359 215 3407 33
237 3359 420 3419 repetantque
439 3353 494 3401 Et.
504 3353 547 3405 Gr.
580 3357 786 3417 repetatqueq
816 3350 888 3419 1135
912 3356 995 3404 delent
1022 3350 1033 3419 ΙΙ
1062 3356 1095 3403 36

180 3423 312 3487 luctuque
329 3422 354 3471 E
384 3421 396 3488 ii
