2550 3917
184 170 325 218 XXXVIII
560 168 760 217 PRAEFATIO

139 337 167 403 ψ
187 330 373 402 discrepantes
400 328 507 401 aliquot
534 327 580 383 uel
600 327 720 401 plurium
747 327 881 383 librorum
902 329 1055 402 scripturas
1076 328 1134 402 (ψ)

185 414 384 471 adnotaremus.
413 412 460 469 ubi
481 412 514 469 ab
536 412 663 469 omnibus
685 411 764 469 libris
784 412 941 469 discedebat
961 431 982 467 α
1006 430 1135 487 graecum

143 514 167 553 ω
186 498 352 571 ponebatur,
375 499 521 571 utriusque
541 498 712 554 recensionis
732 513 897 554 consensum
913 498 993 554 litera
1009 516 1032 553 ω
1049 500 1135 573 sigui·

185 582 335 640 ficauimus.
364 582 394 638 ld
414 599 482 639 uero
498 582 549 639 hac
563 584 591 637 in
608 598 640 639 re
654 582 819 639 monendum
836 590 898 646 est,¹
914 599 969 644 non
985 600 1135 657 numquam

152 670 154 673 ’
184 666 280 725 uonA
300 684 366 724 uere
387 667 530 741 uolgarem
549 666 695 723 lectionem
716 684 792 730 esse,
815 667 863 724 sed
878 676 914 740 ψ.
951 668 1058 725 Etenim
1072 684 1135 725 cum

184 753 213 809 in
228 752 315 809 libros
335 751 464 825 uolgares
486 750 611 825 singulae
627 754 780 825 scripturae
798 769 830 808 ex
844 752 959 809 meliore
974 756 1134 811 recensione

184 837 333 893 translatae
349 844 455 899 essent,
471 837 498 893 id
515 836 588 911 quod
601 854 685 910 supra
700 837 963 900 demonstrauimus,
979 839 1028 895 has
1042 840 1135 894 huan-

185 922 241 977 tius
262 922 397 977 interdum
412 922 525 996 recepit.
562 918 730 996 Quaruquam
746 922 769 978 si
792 924 952 980 uniuersum
968 931 1133 997 spectamus,

183 1005 290 1063 nullum
310 1005 409 1062 librum
432 1006 478 1062 uel
498 1023 580 1063 manu
602 1006 735 1081 scriptum
758 1007 803 1063 uel
823 1009 977 1082 inpressum
993 1008 1133 1064 latendum

185 1099 228 1147 est
243 1098 298 1149 tam
309 1108 397 1165 prope
413 1090 444 1147 ad
458 1092 604 1163 genuinam
619 1093 790 1148 recensionis
806 1092 928 1167 uolgaris
944 1092 1133 1150 condicionem

186 1175 314 1232 accedere
330 1192 409 1249 quam
425 1174 557 1231 Aldinam.

248 1312 276 1365 ln
308 1307 471 1368 Octauia
505 1312 672 1367 recensenda
708 1319 818 1385 praeter
851 1311 1133 1386 Rebdigeran-os,

185 1394 383 1459 Gotbanos,
412 1395 718 1452 vindobonensem
744 1397 778 1452 de
806 1397 907 1471 qrribus
927 1414 1010 1471 supra
1031 1398 1133 1455 dictum

185 1487 243 1543 est,
260 1481 311 1537 hos
325 1480 394 1537 duos
410 1480 596 1537 adhibuimus:

153 1596 176 1653 0
257 1595 527 1672 LugdunensIs
550 1615 631 1657 xvrrr
653 1599 692 1656 16
712 1597 742 1653 Ε
766 1598 855 1673 quode
878 1597 901 1652 J.
923 1598 995 1653 Geel.
1019 1598 1134 1672 catalog.

189 1698 256 1739 mss.
278 1682 353 1755 lugd.
374 1682 498 1740 hatho.
521 1682 584 1741 370
609 1685 678 1739 haec
698 1682 782 1738 uerba
803 1682 881 1737 iacit:
910 1680 1015 1737 ‘Codex
1033 1682 1134 1754 partim

184 1765 420 1840 membranaceus,
443 1770 543 1841 partim
560 1768 718 1824 chartaceus
733 1783 788 1824 xrv
804 1783 868 1827 sec..
884 1764 945 1822 236
962 1764 1090 1822 loliorum
1106 1767 1134 1822 in

184 1850 268 1913 lolio,
290 1851 380 1908 literis
401 1852 552 1909 initialibus
568 1853 664 1926 pictis,
686 1851 772 1925 prima
786 1852 886 1924 pagiua
906 1852 980 1905 uersi
995 1848 1135 1908 coloribus

185 1943 213 1993 et
228 1936 364 1993 deauratis
380 1936 502 1994 flosculis
525 1945 629 1994 ornata.
660 1936 688 1991 L.
702 1936 805 1991 Annaei
821 1935 939 1991 Senecae
954 1934 1131 2008 Tragoediae.

184 2020 372 2095 Subscriptio:
395 2019 509 2096 Explicit
524 2022 610 2077 Annei
626 2019 652 2076 d.
669 2020 771 2076 Senece
786 2019 971 2093 tragediarum
987 2019 1057 2076 liber
1072 2020 1134 2077 ieli-

185 2108 253 2163 citer
284 2098 403 2180 scriptus
432 2122 481 2180 per
507 2122 550 2161 me
571 2103 729 2160 michaelem
758 2104 791 2160 de
812 2104 932 2161 franchis
954 2104 986 2161 de
1014 2105 1133 2162 clauario

185 2192 349 2264 scriptorem
375 2199 457 2263 atque
485 2188 601 2245 scribam
628 2188 781 2245 uenerabili
805 2190 866 2245 uiro
894 2190 1026 2262 magistro
1054 2189 1133 2246 Guill’

185 2276 218 2331 de
239 2275 372 2331 monticlo
394 2283 460 2329 tune
480 2274 582 2330 rectori
603 2272 739 2329 scolarum
759 2273 815 2331 leci
836 2272 982 2348 requinirii
1003 2275 1031 2329 in
1052 2274 1133 2348 pede·

183 2358 338 2421 montibus,
369 2357 420 2414 sub
441 2374 511 2414 anno
533 2356 605 2412 mill⁰
622 2363 695 2415 000⁰
709 2376 750 2415 xu
770 2358 814 2414 die
834 2374 935 2414 xxvrn
955 2360 1057 2413 mensis
1079 2360 1133 2413 Au·

186 2446 269 2516 gusti.
298 2442 368 2497 Laus
384 2448 411 2498 et
426 2442 514 2516 gratia
530 2457 636 2497 summo
659 2449 687 2498 et
701 2442 835 2499 altissimo
851 2445 888 2500 sit
903 2444 1020 2500 creatori
1035 2453 1133 2499 nostro

185 2528 213 2583 in
233 2526 387 2582 seculorum
415 2526 515 2581 secula.
545 2543 631 2582 amau.
677 2525 844 2600 Tragoediae
864 2528 918 2584 hoe
938 2528 1033 2584 ordine
1054 2522 1132 2583 sunt:

185 2609 316 2666 hercules
332 2608 440 2673 furens,
457 2609 604 2685 Thyestes,
619 2611 801 2676 Phoenissae,
817 2612 987 2687 llippolitus,
1003 2611 1132 2685 Oedipus,

186 2694 320 2757 Troades,
341 2696 542 2767 Agamemnon,
566 2695 693 2762 Octauia,
719 2698 851 2753 Hercules
872 2697 998 2753 Oetaeus.
1044 2696 1134 2752 Codex

191 2786 331 2837 correctus
354 2786 397 2835 est
418 2796 472 2836 sec.
488 2796 627 2839 xv—xvr
648 2780 681 2837 ab
697 2781 789 2855 aliquo
805 2784 853 2855 qui
872 2784 900 2836 in
915 2781 968 2835 fine
988 2779 1134 2853 adscripsit

185 2862 312 2920 ‘correxi
326 2864 389 2920 bina
404 2865 465 2921 uice
480 2895 515 2905 -
531 2884 544 2921 a
560 2867 696 2940 principio
711 2882 801 2938 usque
816 2866 849 2922 ad
864 2864 971 2920 lrnem'.
1001 2863 1057 2918 Hae
1072 2880 1134 2920 cor·

184 2950 322 3005 rectiones
334 2956 440 3005 tantum
453 2957 517 3005 suut
533 2950 667 3007 lectiones
682 2967 715 3006 ex
729 2948 783 3007 alio
796 2950 889 3006 codice
901 2949 1056 3021 decerptae.
1079 2948 1133 3002 Ad-

186 3035 255 3091 iecta
277 3040 342 3091 sunt
356 3033 401 3090 hic
422 3034 477 3090 illic
494 3034 597 3092 scholia
613 3036 686 3091 iuter
701 3051 800 3091 uersus
814 3042 843 3089 et
857 3031 1041 3105 marginibus,
1063 3048 1133 3105 quae

184 3127 239 3175 tam
262 3119 294 3174 ad
317 3134 361 3175 res
381 3118 581 3193 mythologicas
601 3121 741 3193 pertinent
756 3134 836 3191 quam
858 3118 890 3174 ad
906 3114 1051 3173 metrum'.
1090 3118 1132 3173 ‘ln

184 3205 272 3277 prima
292 3204 391 3278 pagina
414 3204 486 3277 picta
508 3212 573 3261 sunt
598 3220 673 3259 arma
693 3204 864 3277 possessoris
890 3202 1058 3274 abeodem,
1084 3203 1132 3276 qui

185 3288 290 3362 reliqua
311 3297 469 3346 ornamenta
490 3289 600 3345 addidit.
635 3286 692 3345 Sub
711 3288 754 3345 his
775 3290 859 3344 armis
879 3289 1017 3344 recentior
1036 3301 1133 3343 manns

167 3372 330 3448 ¹adscripsit
356 3391 383 3433 n.
403 3379 463 3433 v11⁰
484 3390 562 3431 xxix
587 3373 615 3429 G.
635 3373 741 3429 Nutalis
766 3372 813 3430 uel
833 3372 931 3430 llitalis
958 3370 1007 3443 (au
1029 3371 1132 3432 Natalis

184 3456 319 3532 comesi).
354 3460 384 3515 ln
399 3458 452 3516 fine
473 3467 537 3534 post
557 3457 787 3532 subscriptionem
808 3474 905 3515 manus
927 3457 1065 3515 recentior
1085 3457 1135 3513 ad·
