2550 3917
430 195 612 244 asportes
630 181 794 265 [avarus]

154 335 329 395 uirtutis.
352 337 425 395 affer
440 354 532 397 arma.
564 338 701 396 ninratur
716 354 781 397 mea

156 418 276 479 fortuna
293 421 406 481 dextra.

157 516 258 565 ritus,
441 514 510 566 sunt
525 506 643 585 quidem
660 508 752 584 patris
766 523 872 583 preces

158 590 228 648 satis
244 589 395 659 efficaces
413 592 463 651 sed
479 599 577 651 tamen
593 601 695 651 nostro
711 608 829 669 quoque

155 673 377 734 mouereiletu.
700 735 702 739 .

120 767 138 822 i'
409 759 504 837 Surge
519 767 548 820 et
562 759 689 820 aduersa
704 761 814 838 impetu

156 846 312 924 perfringe
327 844 423 905 solito.
454 863 534 905 nnnc
549 854 631 907 tuum
649 845 720 905 nulli
736 848 870 924 inparem

157 932 290 1013 animum
307 930 384 990 maio
400 949 535 998 resume,
552 948 631 991 nunc
647 948 752 1008 magna
770 930 823 989 tibi

158 1016 303 1075 uirtute
323 1016 471 1093 agendum
488 1023 540 1075 est.
564 1014 724 1076 Herculem
740 1016 827 1075 irasci
843 1023 920 1075 ueta.

156 1102 261 1159 nunc.
292 1101 404 1175 sinino
425 1101 482 1161 feci
497 1099 618 1169 scelera,
634 1102 660 1159 si
676 1101 787 1160 morior
809 1098 871 1160 tuli,

120 1198 139 1245 k
200 1183 335 1261 Purgare
349 1192 446 1245 terras
461 1203 601 1263 propero.
632 1185 804 1245 iamdudum
819 1184 892 1244 mihi

157 1279 325 1329 monstrum
340 1272 454 1347 inpium
472 1288 653 1348 saeuumque
669 1278 697 1329 et
712 1272 815 1329 inmite
831 1288 865 1330 ac
882 1269 978 1345 terum

157 1353 287 1415 oberrat.
319 1356 445 1433 agedum
460 1355 565 1415 dextra
582 1372 690 1415 conare
706 1354 827 1431 aggredi

54 1438 62 1462 ⁸
158 1439 262 1516 ingens
278 1457 354 1517 opus
368 1439 472 1501 labore
486 1440 605 1501 bisseno
621 1439 755 1518 amplius.
771 1474 812 1483 -

157 1525 269 1598 ignaua
285 1542 382 1584 cessas
397 1524 481 1584 sortis
496 1526 525 1583 in
542 1542 653 1603 pueros
669 1524 756 1583 modo

158 1608 354 1687 pauidamque
369 1607 512 1670 matrem?
534 1628 615 1670 arroa
633 1610 688 1667 nisi
704 1608 810 1669 dantur
826 1608 905 1677 mihi,

159 1701 209 1754 aut
224 1711 312 1755 omne
328 1695 413 1755 Pindi
427 1694 539 1753 thracis
555 1696 687 1755 excidam
705 1711 809 1754 nemus

159 1778 328 1854 Bacchique
344 1778 427 1839 lucos
444 1789 474 1838 et
489 1778 674 1840 Cithaeronis
690 1781 756 1856 iuga

159 1882 276 1923 mecum
296 1864 445 1924 cremabo.

140 1953 147 1971 '
477 1948 551 2007 Tota
568 1966 634 2007 cum
650 1947 767 2008 laribus
782 1950 842 2009 suis

159 2032 345 2111 dominisque
362 2040 452 2101 tecta,
469 2050 537 2092 cum
553 2033 616 2092 deis
631 2031 740 2111 templa
756 2032 895 2094 omnibus

160 2116 287 2177 thebana
303 2135 392 2194 supra
409 2135 517 2196 corpus
533 2117 678 2194 excipiam
693 2135 792 2177 meum

159 2210 248 2279 atque
263 2200 338 2261 urbe
353 2219 440 2262 uersa
457 2201 569 2261 condar
586 2210 614 2262 et
630 2202 654 2259 si
672 2200 800 2261 fortibus

159 2286 226 2347 leue
242 2286 358 2363 pondus
373 2288 485 2345 umeris
501 2287 617 2347 moenia
634 2288 755 2347 inmissa
770 2286 900 2346 incident

159 2382 335 2449 septemque
351 2378 472 2447 opertus
488 2388 548 2430 non
564 2372 634 2431 satis
649 2372 743 2447 portis
758 2388 887 2448 premar,

160 2472 235 2514 onus
251 2449 339 2514 omne
354 2454 451 2515 media
467 2465 553 2533 parte
569 2455 649 2532 quod
665 2456 766 2516 mundi
783 2456 865 2516 sedet

161 2539 331 2617 dirImitque
346 2557 470 2616 superos
486 2542 517 2599 in
532 2558 633 2599 meum
649 2550 763 2601 uertam
781 2548 878 2618 caput.

229 2792 296 2841 1278
315 2792 384 2843 affer
399 2794 424 2842 V
437 2792 504 2842 effer
517 2793 557 2842 εΑ
575 2789 586 2859 ss
610 2794 676 2843 1279
695 2794 754 2841 Am.
768 2794 855 2843 uersus*
865 2794 1008 2855 praefixum
1018 2794 1045 2843 V
1053 2789 1065 2859 Η

160 2858 285 2924 fortuna)
297 2876 334 2908 na
345 2861 445 2924 syllaba
456 2877 507 2910 rec.
522 2878 552 2913 m.
565 2860 591 2908 E
609 2877 643 2909 an
661 2862 828 2910 nouerca?
845 2856 858 2926 ll
881 2861 968 2923 patris
985 2862 1012 2909 V
1026 2877 1075 2925 pu·

157 2929 229 2979 triae
249 2927 299 2976 EA
330 2923 342 2995 Η
373 2930 437 2977 1281
460 2943 570 2978 mouere
588 2927 666 2993 Ero
694 2943 823 2977 moueere
844 2928 867 2975 Α
897 2922 909 2993 ΙΙ
940 2928 1006 2978 1284
1031 2934 1077 2979 ,est

157 3012 205 3048 om.
223 2998 250 3045 V
270 2992 281 3062 Η
306 2997 371 3047 1286
383 2996 570 3045 iamdumdum
587 2994 619 3045 V¹
639 2992 651 3062 l}
664 2998 729 3046 1288
744 2995 880 3061 agendum
897 2992 1065 3062 V¹R13ldss

159 3065 226 3114 1299
244 3065 347 3126 ignaue
360 3081 382 3113 ω
399 3065 509 3129 ignaue
524 3063 631 3116 LGron.
656 3061 668 3129 Η
698 3066 762 3113 1291
782 3063 954 3127 pauidaeque
973 3068 1077 3113 matres

156 3139 181 3194 ψ
252 3132 352 3181 dentur
369 3131 395 3179 Ε
413 3133 459 3180 aiii
479 3138 506 3179 ut
528 3132 630 3180 uidetur
659 3133 757 3181 dentur
779 3132 828 3181 VA
858 3126 870 3197 l]
899 3134 965 3181 1292
1006 3132 1075 3180 inidi

161 3201 188 3250 V
245 3200 381 3248 excisum
394 3198 514 3248 B.Sc}rm.
531 3194 544 3264 ΙΙ
567 3200 634 3249 1294
653 3204 701 3247 aut
713 3202 774 3247 tota
790 3200 895 3248 Vrotiei.
908 3199 957 3252 Bo.
978 3149 1075 3265 [iteum

155 3267 283 3317 domibus
300 3284 322 3317 ω
345 3282 407 3316 cum
426 3266 567 3315 famulis
588 3265 775 3316 satanacam.
796 3282 856 3315 enm
874 3267 995 3317 laribus
1011 3268 1075 3316 eori-

153 3337 198 3398 pai
220 3331 233 3401 ss
258 3336 323 3385 1297
348 3350 448 3385 euerso
464 3334 521 3384 ΕΙ]
533 3335 641 3384 Vratial.
671 3348 753 3383 uersa
772 3335 796 3383 A
826 3330 837 3399 ΙΙ
868 3335 933 3384 1298
951 3334 1076 3383 inoident

155 3402 182 3450 E
192 3405 245 3465 ch
272 3403 404 3536 ¹pxcidcnt
421 3403 447 3451 Α
487 3398 500 3468 Η
540 3405 606 3452 1390
633 3400 705 3465 quod
727 3400 820 3450 mundi
837 3402 894 3451 EV
921 3416 976 3465 que
998 3416 1074 3449 mun-

154 3470 206 3521 dns
224 3470 249 3520 Α
