2550 3917
518 185 686 231 PHAEDRA

147 322 331 401 lacrimisque
347 324 449 400 cogis?
473 323 617 401 prologus
632 342 670 384 eo
686 326 813 384 coniunx
830 323 914 384 abest

145 415 331 486 praestatque
346 414 455 486 nuptae
470 426 558 486 quam
573 407 650 469 solet
664 409 797 470 Theseus
812 410 910 470 tidem.
968 453 972 460 .

116 501 131 550 b
186 492 283 552 Fortis
298 510 352 570 per
368 491 441 552 altas
455 493 529 552 inuii
542 501 626 553 retro
641 493 723 554 lacus
840 533 844 546 ·
1039 502 1163 546 rnxvur

145 577 223 636 uadit
236 576 377 637 tenebras
391 576 477 638 miles
491 577 611 637 audacis
625 581 711 656 proci
997 607 999 612 ·

145 660 216 721 solio
232 669 266 722 ut
280 660 429 723 reuulsam
445 662 647 738 regisiulerui
662 662 821 731 abstrahat,
914 707 921 720 .
1080 679 1129 726 100

144 747 240 824 pergit
254 746 365 806 luroris
380 746 488 807 socius.
519 745 597 806 haud
613 745 694 807 illum
711 750 800 807 timor

145 831 278 907 pudorue
294 832 405 890 tenuit:
432 840 532 908 stupra
549 839 579 890 et
592 830 719 892 inlicitos
734 840 815 893 toros

144 916 311 975 Acheronte
325 916 355 974 iu
371 917 429 975 imo
446 917 562 995 quaerit
576 915 726 995 Hippolyti
742 924 836 994 pater.

112 1001 137 1056 o'
188 1000 246 1060 Sed
261 1001 357 1060 maior
372 999 446 1060 alius
460 999 581 1060 incubat
595 1009 723 1061 maestae
739 1000 834 1062 dolor.

145 1101 204 1143 non
218 1101 268 1144 me
283 1086 369 1163 quies
383 1090 529 1144 nocturna
545 1102 606 1143 non
622 1085 698 1145 altus
713 1103 803 1164 sopor

144 1167 260 1229 soluere
277 1168 372 1228 curisz
387 1167 475 1229 alitur
490 1177 521 1229 et
535 1171 644 1229 crescit
659 1169 767 1229 malum

145 1260 173 1312 et
187 1253 272 1313 ardet
285 1254 366 1312 intus
380 1251 476 1332 qualis
491 1261 615 1314 aetnaeo
630 1272 726 1332 uapor

145 1337 273 1398 exundat
288 1345 383 1398 antro.
414 1336 536 1414 palladis
551 1337 625 1398 telae
640 1346 747 1398 uacant

145 1429 174 1482 et
188 1424 265 1482 iuter
279 1423 361 1500 ipsas
376 1439 466 1500 pensa
483 1421 624 1483 labuntur
640 1441 754 1484 manus.
772 1459 777 1476 ι

115 1531 129 1564 c
186 1506 250 1567 Non
267 1505 367 1567 colere
380 1506 467 1566 donis
482 1505 591 1583 templa
606 1508 716 1567 uotiuis
731 1507 812 1576 libet,

144 1609 202 1650 oon
218 1592 295 1651 inter
311 1608 377 1651 aras
392 1589 543 1651 Atthidum
558 1591 678 1652 mixtam
695 1592 787 1653 choro

144 1678 253 1736 iactare
269 1677 366 1736 tacitis
381 1677 515 1735 conscias
530 1677 623 1736 sacris
638 1677 717 1737 laces

144 1777 199 1819 nec
214 1760 297 1819 adice
313 1761 401 1820 castis
416 1759 557 1838 precibus
572 1769 622 1821 aut
636 1762 696 1821 ritu
711 1763 760 1839 pio

144 1844 326 1906 adiudicatae
341 1844 508 1921 praesidem
524 1852 623 1904 terrae
638 1845 741 1906 deam:

144 1930 225 1988 iuuat
240 1930 381 1990 excitatas
396 1931 536 2007 consequi
552 1943 643 1989 cursu
660 1929 739 1990 feras

145 2019 173 2072 et
186 2014 280 2091 rigida
297 2011 381 2073 molli
396 2029 483 2090 gaesa
498 2013 620 2075 iaculari
636 2031 736 2074 manu.

114 2096 135 2154 c'
187 2097 252 2168 Quo
268 2098 365 2157 tendis
379 2098 496 2158 anime?
518 2098 589 2176 quid
605 2098 709 2160 lucens
724 2098 814 2160 saltus
830 2101 930 2160 amas?

145 2180 229 2243 latale
245 2184 373 2242 miserae
388 2183 490 2242 matris
505 2200 634 2259 agnosco
650 2182 770 2243 malum.

145 2284 270 2344 peccare
284 2274 387 2327 noster
403 2268 486 2326 nouit
500 2268 536 2327 in,
546 2267 627 2328 silvis
642 2285 735 2328 amor.

144 2352 278 2428 genetrix
293 2351 336 2411 tui
349 2368 399 2410 me
414 2351 549 2411 miseret:
572 2352 694 2412 infando
710 2351 787 2413 malo

144 2442 279 2514 correpta
296 2437 414 2515 pecoris
429 2436 552 2496 efferum
567 2439 650 2497 saeui
666 2436 771 2497 ducem

144 2519 239 2580 audax
254 2520 368 2580 amasti.
400 2525 505 2581 toruus
519 2521 666 2598 inpatiens
681 2523 741 2597 iugi

144 2603 259 2665 adulter
274 2603 322 2665 ille
339 2605 445 2665 ductor
460 2605 595 2666 indomiti
610 2607 719 2684 gregis.

114 2693 130 2744 d
187 2689 245 2749 Sed
261 2687 379 2750 amabat
393 2688 517 2768 aliquid:
543 2691 609 2766 quis
625 2707 707 2750 meas
723 2693 848 2751 miserae
865 2690 937 2751 deus

145 2781 194 2832 aut
208 2775 274 2853 quis
289 2775 394 2834 iuuare
410 2772 554 2834 Daedalus
568 2774 703 2834 flammas
719 2775 824 2853 queat?
1079 2787 1129 2835 125

145 2875 203 2917 non
218 2859 244 2918 si
258 2856 308 2917 ille
323 2866 438 2919 remeet
453 2868 516 2918 arte
533 2861 686 2937 mopsopia
702 2867 807 2936 potens

145 2943 194 3020 qui
208 2949 310 3003 nostra
326 2961 415 3003 caeca
431 2950 561 3003 monstra
578 2943 723 3004 conclusit
739 2944 840 3014 domo,

145 3029 296 3104 promittat
310 3025 401 3087 ullam
418 3026 534 3087 casibus
550 3029 658 3087 nostris
673 3047 770 3107 opem.
800 3057 806 3066 ·

210 3196 245 3246 98
261 3209 385 3260 specus
403 3198 435 3245 ci.
449 3196 524 3245 NHc.
548 3193 561 3262 ΙΙ
584 3198 633 3247 102
651 3197 792 3263 pudorque
805 3213 827 3247 oo
844 3198 974 3263 pudorne
988 3197 1038 3250 Bo.
1052 3195 1061 3262 ll

146 3264 191 3312 111
209 3265 321 3312 mistam
339 3262 431 3312 choris
449 3265 473 3312 A
492 3265 606 3314 mixtam
625 3266 724 3315 choros
742 3265 768 3314 E
785 3282 854 3318 corr.
875 3266 954 3317 Grau.
975 3262 987 3332 ΙΙ
1011 3268 1061 3315 114

146 3330 333 3380 adiudicatum
355 3330 380 3379 Α
411 3330 589 3382 adiudicatae
612 3334 656 3384 cll
684 3330 696 3400 {l
727 3336 773 3382 121
800 3333 877 3383 efferi
900 3347 1015 3384 saeuum
1035 3335 1059 3382 Α

146 3397 257 3448 efferum
275 3399 355 3448 sueni
372 3398 398 3446 lt
413 3394 425 3464 ss
443 3400 491 3449 125
509 3399 613 3450 leuare
632 3402 664 3454 ci.
685 3401 760 3451 NHs.
773 3397 786 3466 ΙΙ
805 3403 851 3451 tet
871 3401 998 3451 conducit
1009 3400 1035 3448 Ε
1052 3399 1061 3465 ΙΙ

145 3467 193 3516 128
205 3466 347 3530 promittet
360 3465 408 3515 ER
425 3468 568 3531 promittat
581 3469 605 3517 Α
630 3465 643 3533 ΙΙ
