2550 3917
135 210 225 257 xvm
510 204 710 254 PRAEFATIO

138 370 241 427 luctum
257 374 300 425 est
315 377 346 425 11
362 367 436 441 quod
451 368 480 422 Ε
494 367 595 424 uitiose
609 367 757 441 descripsit
771 366 797 422 id
812 368 840 422 in
855 366 984 439 uolgares
1000 366 1088 426 lilrros

138 454 309 511 emendatum
325 453 464 509 transiret.
497 452 610 510 Praesto
627 460 693 509 suut
713 451 834 526 exempla
850 453 916 508 satis
930 450 1087 509 luculente:

183 657 202 711 'l
220 656 259 712 72
282 664 388 712 mutare
404 657 479 729 ipse
619 673 655 711 m.
673 656 747 730 ripas

134 740 259 798 011342
283 741 448 815 lrigiamque
459 739 591 797 flammam
619 742 810 815 frugemque
838 740 944 798 llammn
964 743 1086 799 metite

287 833 314 881 et
329 828 427 882 etesias
444 825 490 883 tali
505 826 557 881 soli
662 826 791 882 natalis
807 825 860 882 soli

164 909 184 964 P
201 908 262 967 686
287 918 391 966 tautum
408 927 442 966 ne
457 910 534 967 nelas
619 910 708 967 titan
726 918 762 966 tu
776 910 853 967 nelas

182 994 264 1053 1005
287 994 433 1052 luctificam
463 994 588 1069 (repetit.
619 1012 781 1069 quassam

285 1096 316 1135 11
332 1097 358 1135 u.
374 1078 467 1151 1004)
839 1064 850 1089 ⁰

177 1163 258 1221 1066
282 1180 364 1239 agros
616 1167 728 1238 Argos

131 1250 181 1320 Ag.
198 1247 259 1305 102
281 1248 363 1320 lungo
618 1249 745 1322 langore

196 1331 257 1389 299
282 1332 332 1388 snb
347 1350 416 1407 rupe
433 1333 562 1389 reductus
619 1333 758 1406 surripere
773 1334 871 1390 doctus

176 1416 258 1473 1017
275 1418 404 1473 -semitam
491 1428 494 1435 '
618 1418 744 1473 feminam

140 1502 183 1557 Tu
197 1499 258 1558 642
282 1502 353 1558 sicre
618 1518 681 1558 sero

197 1584 257 1643 644
281 1593 373 1641 uxtem
617 1595 707 1642 uatem

197 1669 363 1743 77911111
616 1672 661 1725 111

196 1753 258 1810 933
280 1754 355 1809 mille
370 1755 481 1811 nauium
614 1753 766 1810 Menelaum

175 1836 259 1895 1050
280 1839 408 1894 meritum
615 1855 688 1895 mare
705 1856 766 1896 cum

131 1920 258 1980 1711404
280 1921 340 1979 uoti
356 1924 421 1979 luno
437 1939 516 1996 quem
614 1926 673 1980 uoti
690 1940 769 1997 quern
785 1926 843 1980 loui

196 2006 257 2064 732
281 2010 325 2065 111
361 2023 471 2081 quoque
511 2023 587 2063 mon·
614 2008 660 2063 uix
675 2024 747 2081 queo
764 2026 800 2064 m.
817 2007 910 2084 eloqui

283 2100 371 2148 strum
387 2091 482 2148 elooor

194 2175 255 2233 895
281 2177 406 2233 thieslem
425 2178 492 2232 titan
515 2177 587 2250 lugit
613 2178 673 2250 ipse
689 2194 731 2232 me
748 2178 778 2232 Τ.
795 2177 813 2232 1.

194 2260 257 2318 974
279 2260 325 2317 lux
339 2260 386 2316 illa
402 2263 481 2317 sistat
612 2261 659 2316 lux
674 2260 738 2317 uilis
754 2262 807 2317 ista
824 2271 867 2318 est

174 2344 255 2401 1257
280 2344 379 2401 eraclia
395 2346 504 2418 penitus
612 2346 688 2402 ibera
704 2346 782 2419 calpe
797 2348 863 2402 litus

174 2429 256 2485 1277
280 2447 363 2502 uagas
378 2429 536 2503 tymplalida
613 2447 683 2505 uaga
699 2430 875 2504 symplegade

174 2512 255 2570 1382
280 2514 370 2586 alique
385 2532 466 2571 casus
612 2515 707 2570 auidae
721 2513 856 2571 Caucasus

193 2648 264 2704 llaec
291 2650 380 2704 omniu
403 2648 595 2723 neglegentiae
624 2651 719 2707 librari
744 2652 774 2705 E
795 2650 931 2707 malumus
957 2650 1080 2706 tribuere

129 2750 209 2807 quam
221 2736 280 2790 eius
292 2734 338 2807 qui
350 2736 376 2791 Α
390 2733 577 2791 recensionem
589 2737 737 2809 conposuit
753 2735 874 2809 ingenio.
903 2734 996 2808 Neque
1011 2751 1078 2791 uero

129 2818 228 2874 desunt
251 2818 305 2875 looi
333 2818 380 2875 ubi
407 2819 552 2875 deterioris
580 2822 750 2876 recensionis
776 2827 874 2876 auctor
896 2822 1006 2876 ueriora
1033 2820 1079 2876 de·

130 2904 273 2976 scripserit
294 2919 375 2975 quam
397 2903 472 2959 alter.
523 2903 568 2961 Sic
589 2904 610 2959 0
632 2904 695 2961 250
717 2907 778 2978 quis
798 2920 854 2959 uon
876 2904 953 2960 malit
973 2906 1079 2961 eumd

129 2988 256 3060 amplecti
278 2986 392 3043 uerbum
416 2986 642 3061 ‘prohibent'
667 3005 729 3045 cum
750 2990 778 3044 11
800 2990 914 3062 quadarn
929 2988 1078 3062 repetitum

130 3089 210 3147 quarn
226 3071 295 3128 male
311 3072 477 3145 adscriptum
492 3071 560 3128 illud
575 3069 752 3147 ε81111111,
776 3074 820 3129 111
835 3073 901 3130 ibid.
919 3073 981 3131 343
998 3073 1079 3129 ‘uul-

129 3166 186 3214 tum
203 3156 382 3232 obliquat'
399 3174 467 3232 quae
483 3159 619 3232 scriptura
635 3168 664 3213 et
678 3159 766 3231 ipsius
778 3158 897 3215 Senecae
913 3157 945 3230 (7
962 3156 1034 3227 160)
1050 3165 1079 3212 11

127 3242 216 3300 Ouidii
238 3240 273 3313 (M
294 3241 337 3297 Vll
357 3241 430 3314 412)
450 3242 543 3299 uerbis
563 3242 739 3300 confirmatur
759 3260 809 3317 pro
834 3259 867 3299 eo
889 3242 963 3316 quod
982 3242 1012 3296 Ε
1029 3257 1078 3296 11-

128 3327 205 3385 hibet
224 3326 347 3384 ‘uultum
370 3327 479 3384 solis'
501 3328 665 3387 111Η985
690 3327 934 3401 ‘marcentque
956 3326 1075 3399 Tempe’

127 3430 177 3487 pro
201 3412 399 3488 ‘Macetumque
415 3410 527 3487 Tempe’
549 3422 576 3469 et
598 3431 668 3488 quae
683 3422 748 3470 sunt
762 3412 881 3469 similia?
907 3410 1077 3482 Quamquam
1139 3458 1145 3467 .

127 3514 182 3555 non
203 3499 242 3555 ita
261 3514 375 3573 magnus
397 3507 440 3556 est
460 3499 556 3555 talium
577 3501 762 3575 exemplorum
783 3514 924 3556 numerus.
961 3494 1076 3553 Accedit
