2550 3917
445 217 627 266 nnncvnns
645 203 834 285 [onranvs]
1032 198 1095 264 373

134 361 161 418 ε’
265 357 347 420 Falsa
364 364 408 419 est
423 357 459 418 de
474 357 598 435 geminis
614 355 711 416 tabula
727 355 877 425 noctibus,

225 444 324 505 aether
340 461 409 503 cum
424 443 518 502 tenuit
532 441 628 501 sidera
644 439 775 518 longius,

225 530 416 606 conmisitque
433 528 515 588 uices
530 525 636 586 lucifer
651 525 779 603 hespero

225 622 252 673 et
267 612 358 674 solem
375 613 469 672 uetuit
484 609 564 671 Delia
581 610 701 669 tardior.

267 779 359 842 Nullis
374 779 548 841 uulneribus
562 779 667 857 peruia
682 777 815 838 membra
832 784 908 837 sunt.

223 865 334 927 ferrum
352 865 440 926 sentit
454 863 561 932 hebes,
578 863 686 924 lentior
701 869 746 921 ost
761 861 891 941 chalybs.

223 951 251 1009 in
268 949 348 1010 nudo
364 949 477 1027 gladius
493 965 619 1024 corpore
635 947 782 1024 frangitur

223 1043 252 1094 et
266 1053 368 1095 sanum
384 1031 479 1094 resilit
495 1033 611 1110 lataque
627 1029 758 1108 neglegit

223 1127 251 1179 ct
266 1126 393 1179 mortem
409 1118 552 1178 indomito
565 1123 688 1192 pectore
703 1122 857 1194 prouocat.

268 1286 333 1347 Nou
348 1286 431 1347 illurn
448 1290 584 1364 poterant
599 1285 691 1362 ligere
707 1284 857 1361 cuspides,

225 1389 285 1431 non
301 1389 387 1432 arcus
403 1369 532 1450 scythica
547 1378 649 1430 tensus
665 1368 846 1438 harundine,

226 1474 286 1516 non
303 1474 377 1533 quae
394 1453 449 1514 tela
466 1456 542 1532 gerit
558 1455 692 1522 Sarmata
708 1452 832 1529 frigidus
939 1501 941 1506 .

227 1548 277 1599 aut
292 1541 341 1618 qui
357 1538 492 1599 soliferae
508 1540 678 1616 suppositus
692 1537 797 1616 plagae

226 1626 324 1684 uicino
340 1625 474 1684 Batanae
491 1622 613 1683 uulnera
630 1622 729 1700 dirigit

226 1709 353 1769 Parthus
369 1709 516 1785 gnosiacis
532 1709 643 1768 certior
658 1706 775 1767 ictibus.

162 1883 170 1902 '
267 1877 367 1936 lluros
383 1875 540 1937 Oechaliae
556 1893 683 1954 corpore
698 1874 838 1954 propulit.

224 1960 266 2020 nil
282 1961 399 2021 obstare
415 1961 504 2023 ualet.
533 1962 655 2021 uincere
671 1958 748 2037 quod
764 1968 850 2038 parat

223 2046 280 2104 iarn
298 2047 409 2106 uicturn
426 2054 479 2106 est.
511 2052 598 2124 quota
615 2061 684 2123 pars
699 2044 824 2104 uulnere
839 2043 985 2104 concidit?

223 2147 278 2206 pro
294 2130 352 2188 lato
368 2133 463 2210 patuit
478 2130 577 2190 uultus
592 2129 719 2206 iniquior
1117 2138 1167 2190 165

224 2221 253 2274 et
267 2214 375 2275 uidisse
390 2221 435 2274 sat
451 2222 495 2276 est
509 2213 665 2274 herculeas
681 2214 785 2274 minae.
1071 2225 1074 2238 ‘

142 2388 167 2448 ε’
266 2381 321 2452 Qui
337 2391 438 2442 uastus
454 2383 609 2449 Briareus
626 2383 675 2459 qui
692 2381 820 2443 tumidus
836 2383 916 2461 Gyas

223 2485 314 2545 supra
331 2467 519 2528 thessalicum
535 2467 667 2526 constitit
682 2484 822 2544 aggerem

249 2688 298 2736 tls
317 2687 460 2737 contenuit
476 2689 518 2736 uel
535 2687 673 2736 continuit
690 2693 713 2750 ψ
737 2680 749 2751 [Ι
776 2686 826 2735 150
844 2685 931 2736 solem
949 2684 974 2734 E
987 2686 1010 2735 n
1023 2683 1059 2748 (m
1071 2687 1098 2734 in

178 2753 245 2817 ras.)
263 2754 364 2805 Croser.
383 2754 457 2805 soles
475 2754 499 2803 A
521 2750 534 2820 ΙΙ
558 2755 605 2805 151
619 2754 741 2804 membra
753 2752 820 2801 EdE
835 2756 958 2804 monstra
969 2753 995 2802 A
1015 2748 1027 2818 ΙΙ
1048 2753 1097 2802 152

179 2822 265 2872 sentit
277 2821 344 2871 Eun
362 2823 452 2872 sensit
464 2824 489 2870 A
502 2817 514 2887 ss
527 2823 576 2872 155
593 2826 707 2872 mortem
720 2837 741 2870 ω
759 2837 785 2870 1n
794 2825 887 2870 artem
904 2821 1002 2884 scripsi
1012 2817 1024 2885 ss
1037 2834 1094 2869 cor-

178 2905 245 2955 pore
264 2906 286 2939 ω
308 2894 441 2954 pectore
459 2890 595 2940 LMuelter
611 2885 622 2955 ΙΙ
642 2891 690 2940 160
707 2886 813 2953 uieino)
831 2891 917 2939 ultim
934 2892 1004 2938 nocis
1021 2888 1099 2937 litera

178 2974 243 3023 quae
253 2959 355 3008 uidetur
364 2973 380 3008 o
388 2959 469 3020 fuisse
482 2960 580 3008 lineolis
593 2960 677 3008 deleto
688 2973 770 3020 supra
781 2958 903 3021 scriptum
913 2971 929 3006 o
938 2972 969 3006 m.
982 2958 1061 3004 tertia
1072 2954 1098 3002 E

177 3027 270 3075 uicino
290 3026 314 3074 A
333 3026 443 3076 uicinus
460 3033 484 3090 op
506 3022 518 3091 ll
548 3025 671 3075 nubetae
689 3024 715 3074 E
732 3024 880 3074 Nabothae
899 3024 924 3074 A
943 3023 1097 3072 Batanae

178 3109 213 3143 erc
231 3093 362 3158 Stephano
382 3094 448 3157 sz.
466 3095 580 3158 reposui.
601 3089 613 3158 {l
635 3095 684 3142 162
703 3091 831 3142 oecaliae
849 3091 875 3140 Ε
897 3089 1052 3141 Oechaliae
1071 3091 1096 3139 A

179 3160 282 3211 etholie
300 3167 324 3224 tp
344 3158 356 3228 Η
378 3163 427 3211 165
444 3162 536 3227 patuit
553 3160 578 3208 Ε
590 3161 662 3224 Meg.
675 3161 740 3209 Rae
758 3160 849 3224 potuit
866 3158 934 3208 AM)
954 3155 966 3223 ΙΙ
987 3159 1036 3207 166
1053 3158 1096 3206 ui·

179 3228 259 3279 disse·
272 3229 335 3278 εΛΕ
354 3229 457 3279 uicisse
475 3230 501 3279 A
523 3225 535 3296 11
558 3228 706 3278 herculeas
723 3227 813 3277 minas
832 3227 927 3277 sonu
948 3224 1097 3275 Herculeis

179 3296 260 3346 minis
279 3297 305 3346 A
317 3293 329 3362 Η
346 3299 395 3347 167
414 3298 483 3358 Quis
501 3331 541 3348 ...
561 3296 621 3360 quis
640 3296 665 3344 Ε
684 3295 797 3357 Qui
818 3296 865 3359 qni
883 3295 908 3344 A
926 3289 938 3360 ΙΙ
954 3295 1054 3359 gigans
1072 3292 1098 3340 Ε

180 3363 257 3428 gigas
276 3371 299 3428 ψ
318 3363 421 3428 Gyges
440 3381 459 3414 oc
486 3365 570 3427 Gyas
589 3365 679 3414 Detrio
699 3360 711 3429 ΙΙ
732 3363 782 3412 168
801 3361 901 3412 Subter
918 3360 1098 3412 thessalicum

180 3432 258 3481 stetit
277 3429 361 3494 (stitit
379 3438 397 3482 t.
418 3431 508 3496 Goon.)
528 3447 658 3497 aggerem
676 3432 702 3480 Ε
732 3430 769 3480 Su
789 3445 821 3480 ra
838 3429 1016 3482 Thessalicos
1034 3443 1098 3480 con·

180 3499 252 3549 stitit
270 3515 389 3565 aggeres
408 3501 432 3549 A
452 3515 547 3564 quum
566 3499 645 3550 stetit
664 3500 741 3550 Gron.
765 3446 787 3564 lh)
