2550 3917
183 114 244 178 146
454 129 486 174 n.
511 125 647 173 sunum
671 125 827 172 sunnone

266 265 378 346 spicula
396 267 478 326 errius
544 329 548 336 ,

267 353 355 413 sentit
370 353 397 410 in
415 352 480 410 imis
497 351 619 427 peruius
635 349 721 410 undis

266 455 320 496 rex
336 435 494 498 Nereidum

266 521 474 596 flammamque
491 519 591 597 nequit
605 517 740 579 releuare
756 520 841 580 meri.

311 689 398 767 Ignes
413 690 501 749 sentit
517 705 610 764 genus
626 687 778 765 aligerum.

268 792 380 834 uenere
396 774 550 834 instinctus
566 774 688 851 suscipit
704 772 798 833 audax

268 875 359 936 grege
375 865 508 937 prototo
526 856 600 917 heile
617 858 761 917 iuuencus

270 945 295 1003 si
311 945 449 1021 coniugio
468 945 592 1002 timuere
609 961 663 1002 suo

268 1037 394 1104 poscunt
409 1027 502 1087 timidi
516 1025 629 1105 proelia
646 1027 737 1086 cerui.

312 1196 357 1256 En
373 1197 485 1270 mugitu
501 1195 573 1254 dent
588 1197 724 1273 concepti

268 1282 352 1358 signa
368 1279 486 1339 turonis
519 1287 588 1339 tunc
603 1279 733 1354 uingetes

267 1365 349 1425 India
365 1367 456 1441 tigres
472 1362 593 1424 decolor
608 1363 727 1430 horret,

267 1459 338 1510 tunc
354 1449 508 1508 uuinisicos
524 1450 603 1508 acuit
618 1447 722 1507 dentes

269 1553 341 1612 aper
357 1541 386 1594 et
402 1541 462 1592 tuto
475 1544 523 1592 ‘est
537 1551 678 1610 spumeus
695 1551 757 1592 cre.

311 1705 397 1762 Amet
411 1702 506 1761 insani
522 1699 608 1762 belua
623 1703 707 1779 ponti

269 1788 410 1863 lucaeque
426 1785 527 1845 boues.

268 1872 357 1950 poeni
372 1872 507 1950 quatiunt
522 1868 597 1929 coita
613 1868 715 1929 leones

270 1975 349 2016 cum
371 1958 483 2014 mouit
504 1972 613 2013 emur.

269 2049 339 2101 tunc
354 2039 426 2099 sitne
443 2039 534 2115 gemit
550 2055 703 2098 murmure
719 2056 817 2098 saeuo.

312 2207 444 2267 Vindicat
459 2224 563 2266 omnes
578 2215 684 2267 nature
700 2206 770 2277 sibi,

270 2292 342 2353 nihii
358 2294 478 2352 inmune
494 2299 546 2352 est.
579 2289 753 2371 [odiumque
762 2291 862 2372 perit]

162 2395 165 2398 ’
270 2385 388 2438 ueteres
403 2376 512 2437 cedunt
526 2375 644 2453 ignibus
659 2378 737 2445 ime,

270 2480 348 2523 cum
370 2463 482 2521 iussit
502 2478 612 2520 emur.
645 2460 840 2540 [quidplura
855 2462 981 2542 canam]

253 2666 302 2714 343
323 2663 432 2713 cerulus
450 2663 530 2711 undis
548 2679 615 2728 grex
633 2663 658 2712 A
677 2657 788 2728 peruius
806 2665 886 2714 undis
905 2680 952 2713 rex
971 2665 996 2712 E
1016 2661 1028 2730 Η
1052 2667 1101 2716 345

185 2732 298 2782 eleuare
311 2747 330 2780 α
348 2732 443 2780 leuare
456 2740 479 2793 ψ
499 2731 625 2781 releuare
639 2732 662 2780 R
679 2733 805 2782 releuare
820 2745 833 2782 ε
845 2729 856 2797 Η
868 2734 916 2782 347
936 2733 1063 2782 instincti
1074 2733 1099 2782 A

185 2802 335 2849 instinctus
352 2799 378 2848 E
397 2812 479 2861 quam
497 2814 599 2863 magna
627 2804 718 2861 gerunt
737 2803 761 2848 A
774 2795 785 2864 Η
803 2802 921 2864 suscipit
939 2801 1031 2849 audax
1049 2797 1101 2864 Et

186 2869 236 2918 348
254 2867 365 2917 iuuenci
383 2867 407 2914 A
428 2867 561 2915 iuueneus
579 2816 636 2931 ΕῗΙ
657 2874 718 2931 post
735 2869 759 2917 lt.
778 2885 802 2920 u.
821 2869 935 2917 inserunt
957 2869 1004 2917 VR
1022 2869 1100 2918 haec:

185 2935 293 3000 Regina
313 2935 388 2984 cecis
407 2939 436 2982 et
453 2934 517 2996 quis
534 2931 644 2998 (coquis
657 2935 690 2998 R)
710 2939 752 2984 est
768 2935 856 2984 flemis
873 2935 876 2996 t
894 2940 1005 2999 agreste
1017 2935 1100 3000 placa

185 3002 302 3068 uirginis
321 3000 437 3065 (migini
449 3001 482 3063 R)
501 3017 601 3051 niimen
619 3002 670 3052 dee
689 3000 781 3066 (deest
793 3003 835 3060 R).
866 3003 900 3052 In
917 3004 965 3052 sin.
984 3003 1100 3068 mergit

185 3073 291 3134 legitur:
310 3071 410 3129 Vacat,
430 3077 536 3134 uterque
546 3085 636 3119 uersus
647 3073 759 3120 recurrit
776 3071 838 3120 inR
855 3078 914 3134 post
926 3087 949 3120 u.
964 3074 1016 3120 40⁵
1031 3071 1035 3134 Ι
1051 3072 1098 3121 361

186 3143 214 3187 et
233 3139 273 3186 Αε
292 3153 331 3186 en
348 3138 443 3200 scripsi
464 3133 476 3203 lt
499 3139 618 3202 mugitus
637 3139 662 3186 A
682 3140 787 3203 mugitu
805 3152 818 3189 ε
841 3135 853 3204 Η
876 3140 925 3188 363
943 3139 1031 3188 inclie
1048 3139 1074 3188 Ε
1091 3137 1099 3202 ti

185 3207 244 3256 359.
264 3207 314 3254 360
339 3204 425 3267 (amet
443 3231 474 3238 -
492 3205 589 3259 boues)
607 3207 654 3255 lice
672 3209 803 3256 recucurrit
822 3206 885 3255 etP.
911 3204 922 3271 Η
945 3199 996 3258 362
1020 3207 1097 3256 uerba

185 3272 331 3336 odiumque
355 3274 427 3336 perit
449 3274 498 3324 det.
527 3274 557 3324 R.
568 3275 600 3324 P.
629 3270 641 3339 t}
669 3277 718 3324 363
746 3275 824 3324 uerba
853 3274 917 3338 quid
945 3274 1025 3338 plura
1053 3289 1096 3322 ee-

185 3354 248 3388 nem
272 3356 322 3389 um.
340 3340 364 3387 E
391 3336 404 3405 [l
430 3349 489 3402 poet
510 3359 533 3388 u.
556 3345 608 3389 364
630 3359 695 3390 nerra
713 3357 808 3391 scaena
825 3345 851 3391 in
869 3343 893 3390 A
925 3341 1097 3392 PHAEDRA

183 3407 322 3456 nv'rmx
341 3407 572 3456 intercursus
593 3410 676 3468 inin.
696 3426 742 3459 om.
762 3410 797 3472 u)
821 3405 833 3474 ιι
