2550 3917
215 197 279 262 206
495 213 526 261 n.
544 211 678 258 Auunci
695 209 852 257 suuncio

215 353 317 413 limosa
333 355 450 431 pigrum
466 351 603 411 circumit
617 350 728 409 iontem
746 346 837 426 palus

181 452 198 500 b
259 431 996 508 Hucutsacerdosintuiitseniorgradum,

217 522 288 581 haut
303 529 347 583 est
361 530 502 581 moratus.
536 519 680 597 praestitit
695 524 811 578 noctem
827 516 919 576 locus.

217 617 277 666 tum
294 607 398 667 effosso
415 604 502 666 tetius
518 612 547 664 et
562 621 653 680 super
669 603 747 680 rapti
762 602 842 678 rogis

215 693 363 751 iaciuntur
378 693 471 767 ignes.
503 691 567 766 ipse
582 689 702 748 funesto
719 688 822 763 integit

216 784 299 836 uates
315 777 423 834 amictu
439 791 549 853 corpus
564 781 594 832 et
608 771 746 831 irondem
762 772 862 846 quatit.

216 943 349 1022 lugubris
365 944 440 1002 imos
454 940 530 1019 palia
547 940 698 1018 perfundit
713 940 814 1016 pedes,

181 1032 207 1086 b'
261 1027 419 1107 squalente
435 1026 515 1086 cuitu
530 1033 660 1086 maestus
675 1023 887 1101 ingreditur
903 1039 1028 1082 senex.

218 1113 370 1172 mortifere
387 1129 491 1172 cenem
507 1119 592 1170 taxus
608 1110 765 1186 adstringit
781 1125 904 1168 coruum.

216 1199 301 1274 nigro
317 1196 451 1256 bidentes
467 1194 578 1255 uellere
594 1201 682 1271 etque
699 1201 779 1253 atrae
795 1192 887 1252 boues

114 1356 116 1358 q
215 1289 301 1341 antro
316 1281 483 1340 trahuntur.
505 1277 511 1360 1
529 1280 702 1355 sanguinem
719 1275 790 1336 libet
805 1277 878 1337 iocis
1061 1294 1121 1342 570⁸
1139 1286 1199 1339 iret

214 1365 381 1444 solidasque
396 1364 526 1443 pecudes
541 1365 601 1422 urit
616 1370 646 1423 et
661 1362 754 1421 multo
770 1377 890 1438 specum
1152 1376 1196 1424 err

214 1458 327 1510 saturat
342 1467 458 1508 cruore.
479 1446 484 1523 1
504 1448 622 1508 namma
638 1446 798 1523 praedetur
813 1445 911 1522 dapes.
1062 1457 1198 1510 57825701‘

214 1535 377 1612 diuumque
392 1533 521 1611 trepidat
536 1535 603 1608 igne
619 1531 705 1590 iernli
721 1548 820 1607 pecus.
1043 1541 1065 1581 r.
1082 1539 1189 1582 {cxxxxii

182 1645 196 1674 c
258 1621 349 1678 Vocat
363 1618 432 1677 inde
448 1635 572 1676 manes
588 1626 676 1694 teque
693 1617 742 1694 qui
758 1633 861 1674 manes
877 1614 958 1690 regis

216 1712 245 1761 et
260 1703 443 1764 obsidentem
461 1700 588 1761 claustra
604 1699 716 1760 lethaei
729 1699 810 1758 lucus

215 1805 395 1865 carmenque
410 1788 556 1862 magicum
574 1783 667 1844 uoluit
682 1791 712 1844 et
727 1783 833 1842 rabido
850 1784 947 1844 minax

215 1871 350 1930 decantat
364 1889 416 1929 ore
432 1869 570 1948 quicquid
587 1877 636 1928 aut
651 1867 746 1946 placat
763 1867 845 1927 leues
931 1901 935 1910 ·

216 1964 265 2013 aut
280 1957 358 2030 cogit
373 1953 503 2013 umbras,

180 2040 203 2096 α’
541 2037 626 2097 Libat
642 2043 671 2096 et
685 2038 804 2096 niueum
820 2038 943 2112 insuper

214 2121 297 2182 lactis
312 2121 455 2200 liquorem
471 2122 566 2181 fundit
581 2129 611 2181 et
627 2121 771 2181 bacchum
789 2137 877 2180 manu

214 2206 298 2267 laeua
315 2209 452 2284 uenitque
469 2223 571 2265 rursus
587 2222 622 2264 ac
637 2217 748 2264 terram
765 2207 882 2264 intuens

215 2292 353 2367 grauiore
368 2309 493 2350 menes
510 2291 584 2350 uice
600 2296 629 2349 ct
644 2291 765 2349 attonita
782 2291 862 2348 citat.

182 2385 198 2431 n
258 2374 390 2434 Latrouit
406 2375 531 2435 Hecates
548 2374 651 2441 turbe,
667 2380 714 2433 ter
730 2372 822 2435 ualles
838 2389 928 2432 cauae

215 2475 343 2518 sonuere
360 2466 521 2526 maestum,
539 2466 599 2518 tote
618 2475 759 2518 succusso
775 2458 837 2518 solo

213 2541 327 2620 pulsata
343 2542 438 2602 telius.
472 2542 620 2611 ‘auctoru
637 2544 791 2610 umescit,

214 2631 296 2686 ‘rata
314 2627 404 2687 uerba
420 2627 496 2694 iudi,
514 2629 663 2705 rumpitur
679 2642 799 2687 caecum
816 2627 906 2686 chaos

215 2712 346 2788 ‘iterque
361 2710 477 2788 populis
491 2710 566 2769 Ditis
581 2711 617 2770 ad
633 2729 760 2789 superos
776 2711 885 2770 datur!
935 2784 938 2788 Δ

282 2947 331 2997 566
345 2947 471 2996 circumit
483 2946 508 2993 E
519 2942 531 3010 11
543 2948 592 2996 563
606 2950 663 2994 tum
678 2947 726 2994 EA
747 2955 805 2996 tune
816 2954 840 3010 ψ
852 2943 863 3011 11
877 2944 978 2996 effossa
991 2947 1045 2998 EA
1059 2948 1137 2998 fosse

213 3014 328 3063 Fabricii
343 3017 428 3065 codex
445 3010 456 3077 11
477 3015 527 3062 565
545 3014 670 3063 frondem
689 3015 740 3063 EA
759 3015 878 3064 frontem
894 3014 959 3076 Mitt
977 3010 988 3079 11
1007 3023 1073 3079 post
1089 3017 1137 3066 565

213 3097 285 3129 unum
298 3098 397 3131 euersum
408 3083 538 3130 interiisse
548 3088 611 3143 puto
623 3078 635 3146 11
648 3083 697 3130 566
716 3081 859 3144 perfundit
872 3087 916 3144 εψ
935 3083 1083 3145 pertundit
1096 3085 1119 3132 A
1130 3079 1137 3147 11

214 3150 263 3199 570
276 3154 355 3199 antro
370 3149 398 3198 *Id
416 3152 490 3197 retro
509 3148 533 3196 A
563 3145 575 3212 11
603 3150 748 3212 interposui
765 3152 832 3198 inter
849 3150 1007 3199 hemistichia
1030 3167 1056 3199 u.
1076 3152 1136 3200 569ι

214 3223 239 3265 et
259 3214 270 3248 ¹¹
294 3233 384 3266 uerene
402 3215 466 3266 5761)
481 3219 531 3264 577
543 3219 605 3265 578⁵
627 3213 639 3280 11
663 3213 727 3265 5767
746 3217 910 3280 sanguinem
929 3215 1001 3266 libat
1020 3218 1094 3267 focis
1112 3218 1136 3266 B

213 3283 406 3345 Regiomontani
423 3284 488 3332 iiber
506 3283 607 3346 irrigat
624 3285 739 3347 sanguis
759 3285 837 3333 focos
855 3285 881 3332 A
910 3280 922 3349 11
950 3285 1000 3334 577
1020 3285 1136 3334 solidat-

214 3364 266 3412 que
285 3350 318 3397 E¹
331 3348 405 3415 11573
423 3349 533 3399 loetaiis
551 3366 573 3398 ω
602 3350 716 3400 lethaei
736 3347 827 3416 ΝΗ5.1
851 3352 928 3401 iocus
948 3367 967 3400 oc
985 3368 1040 3402 err.
1060 3359 1115 3416 typ.
1130 3349 1138 3416 11

213 3417 263 3464 580
282 3431 314 3465 ac
333 3419 358 3466 E
378 3422 406 3467 et
423 3418 448 3465 A
508 3417 557 3464 581
577 3417 646 3466 citat
665 3417 690 3466 Ε
709 3419 806 3468 cietR
837 3415 841 3484 1
864 3419 914 3469 588
933 3435 984 3483 per
1003 3421 1029 3468 E
1046 3424 1092 3469 ter
1109 3420 1134 3469 A

215 3483 299 3531 etiam
317 3491 360 3532 cut
380 3488 448 3544 etp
507 3496 592 3531 cauas
609 3483 635 3531 E
654 3499 742 3535 cauae
760 3487 785 3534 A
810 3482 821 3552 11
