<?xml version="1.0" encoding="UTF-8"?>
<!DOCTYPE html PUBLIC "-//W3C//DTD XHTML 1.0 Transitional//EN"
    "http://www.w3.org/TR/xhtml1/DTD/xhtml1-transitional.dtd">
<html xmlns="http://www.w3.org/1999/xhtml" xml:lang="en" lang="en">
 <head>
  <title>
</title>
<meta http-equiv="Content-Type" content="text/html;charset=utf-8" />
  <meta name='ocr-system' content='tesseract 3.04.00' />
  <meta name='ocr-capabilities' content='ocr_page ocr_carea ocr_par ocr_line ocrx_word'/>
</head>
<body>
  <div class='ocr_page' id='page_1' title='image "./lannaeisenecaet00richgoog_0168.png"; bbox 0 0 2550 3917; ppageno 0'>
   <div class='ocr_carea' id='block_1_1' title="bbox 413 160 1061 235">
    <p class='ocr_par' dir='ltr' id='par_1_1' title="bbox 413 160 1061 235">
     <span class='ocr_line' id='line_1_1' title="bbox 413 160 1061 235; baseline 0.003 -14"><span class='ocrx_word' id='word_1_1' title='bbox 413 171 794 235; x_wconf 71' lang='lat' dir='ltr'><strong>conrasasaoamurvu</strong></span> <span class='ocrx_word' id='word_1_2' title='bbox 998 160 1061 225; x_wconf 79' lang='grc'><strong>115</strong></span> 
     </span>
    </p>
   </div>
   <div class='ocr_carea' id='block_1_2' title="bbox 142 310 778 391">
    <p class='ocr_par' dir='ltr' id='par_1_2' title="bbox 142 310 778 391">
     <span class='ocr_line' id='line_1_2' title="bbox 142 310 778 391; baseline 0.002 -19"><span class='ocrx_word' id='word_1_3' title='bbox 142 310 266 391; x_wconf 88' lang='lat' dir='ltr'><strong>probate</strong></span> <span class='ocrx_word' id='word_1_4' title='bbox 280 312 373 382; x_wconf 90' lang='lat' dir='ltr'><strong>factis,</strong></span> <span class='ocrx_word' id='word_1_5' title='bbox 389 313 514 391; x_wconf 82' lang='lat' dir='ltr'>gloriam</span> <span class='ocrx_word' id='word_1_6' title='bbox 531 331 564 373; x_wconf 92' lang='lat' dir='ltr'><strong>ac</strong></span> <span class='ocrx_word' id='word_1_7' title='bbox 579 311 682 373; x_wconf 86' lang='lat' dir='ltr'><strong>laudes</strong></span> <span class='ocrx_word' id='word_1_8' title='bbox 697 330 778 373; x_wconf 92' lang='lat' dir='ltr'><strong>meas</strong></span> 
     </span>
    </p>
   </div>
   <div class='ocr_carea' id='block_1_3' title="bbox 141 396 1057 477">
    <p class='ocr_par' dir='ltr' id='par_1_3' title="bbox 141 396 1057 477">
     <span class='ocr_line' id='line_1_3' title="bbox 141 396 1057 477; baseline 0.002 -21"><span class='ocrx_word' id='word_1_9' title='bbox 141 405 278 474; x_wconf 89' lang='lat' dir='ltr'><strong>superate</strong></span> <span class='ocrx_word' id='word_1_10' title='bbox 289 405 318 459; x_wconf 90' lang='lat' dir='ltr'><strong>et</strong></span> <span class='ocrx_word' id='word_1_11' title='bbox 333 396 474 474; x_wconf 88' lang='lat' dir='ltr'><strong>aliquid</strong></span> <span class='ocrx_word' id='word_1_12' title='bbox 490 397 618 465; x_wconf 89' lang='lat' dir='ltr'><strong>facite,</strong></span> <span class='ocrx_word' id='word_1_13' title='bbox 634 405 791 477; x_wconf 89' lang='lat' dir='ltr'><strong>propter</strong></span> <span class='ocrx_word' id='word_1_14' title='bbox 806 396 900 476; x_wconf 90' lang='lat' dir='ltr'><strong>quod</strong></span> <span class='ocrx_word' id='word_1_15' title='bbox 916 404 1057 476; x_wconf 86' lang='lat' dir='ltr'><strong>patrem</strong></span> 
     </span>
    </p>
   </div>
   <div class='ocr_carea' id='block_1_4' title="bbox 102 481 943 2336">
    <p class='ocr_par' dir='ltr' id='par_1_4' title="bbox 139 481 787 730">
     <span class='ocr_line' id='line_1_4' title="bbox 141 481 698 544; baseline -0.004 -1"><span class='ocrx_word' id='word_1_16' title='bbox 141 481 238 543; x_wconf 87' lang='lat' dir='ltr'><strong>adhuc</strong></span> <span class='ocrx_word' id='word_1_17' title='bbox 253 482 334 543; x_wconf 86' lang='lat' dir='ltr'><strong>iuuet</strong></span> <span class='ocrx_word' id='word_1_18' title='bbox 348 482 465 544; x_wconf 81' lang='lat' dir='ltr'><strong>uixisse.</strong></span> <span class='ocrx_word' id='word_1_19' title='bbox 494 481 606 543; x_wconf 88' lang='lat' dir='ltr'><strong>facietis</strong></span> <span class='ocrx_word' id='word_1_20' title='bbox 621 484 698 542; x_wconf 89' lang='lat' dir='ltr'><strong>scio:</strong></span> 
     </span>
     <span class='ocr_line' id='line_1_5' title="bbox 140 566 787 644; baseline 0 -19"><span class='ocrx_word' id='word_1_21' title='bbox 140 568 182 627; x_wconf 90' lang='lat' dir='ltr'><strong>sic</strong></span> <span class='ocrx_word' id='word_1_22' title='bbox 197 568 266 627; x_wconf 90' lang='lat' dir='ltr'><strong>estis</strong></span> <span class='ocrx_word' id='word_1_23' title='bbox 282 568 347 628; x_wconf 88' lang='lat' dir='ltr'><strong>orti.</strong></span> <span class='ocrx_word' id='word_1_24' title='bbox 373 567 486 628; x_wconf 90' lang='lat' dir='ltr'><strong>scelere</strong></span> <span class='ocrx_word' id='word_1_25' title='bbox 502 566 624 644; x_wconf 77' lang='lat' dir='ltr'>defungi</span> <span class='ocrx_word' id='word_1_26' title='bbox 640 567 712 627; x_wconf 90' lang='lat' dir='ltr'><strong>baut</strong></span> <span class='ocrx_word' id='word_1_27' title='bbox 726 566 787 627; x_wconf 89' lang='lat' dir='ltr'><strong>leui</strong></span> 
     </span>
     <span class='ocr_line' id='line_1_6' title="bbox 139 650 702 730; baseline 0.004 -20"><span class='ocrx_word' id='word_1_28' title='bbox 139 650 209 712; x_wconf 89' lang='lat' dir='ltr'><strong>haut</strong></span> <span class='ocrx_word' id='word_1_29' title='bbox 225 652 332 713; x_wconf 87' lang='lat' dir='ltr'><strong>usitato</strong></span> <span class='ocrx_word' id='word_1_30' title='bbox 346 659 427 713; x_wconf 89' lang='lat' dir='ltr'><strong>tanta</strong></span> <span class='ocrx_word' id='word_1_31' title='bbox 442 650 579 712; x_wconf 77' lang='lat' dir='ltr'>nobilitas</span> <span class='ocrx_word' id='word_1_32' title='bbox 595 659 702 730; x_wconf 86' lang='lat' dir='ltr'><strong>potest.</strong></span> 
     </span>
    </p>

    <p class='ocr_par' dir='ltr' id='par_1_5' title="bbox 111 734 892 1220">
     <span class='ocr_line' id='line_1_7' title="bbox 111 734 892 815; baseline 0.003 -21"><span class='ocrx_word' id='word_1_33' title='bbox 111 744 128 794; x_wconf 88' lang='lat' dir='ltr'><strong>b</strong></span> <span class='ocrx_word' id='word_1_34' title='bbox 180 736 270 795; x_wconf 81' lang='lat' dir='ltr'><strong>Ferte</strong></span> <span class='ocrx_word' id='word_1_35' title='bbox 286 754 376 797; x_wconf 90' lang='lat' dir='ltr'><strong>arma.</strong></span> <span class='ocrx_word' id='word_1_36' title='bbox 401 735 515 797; x_wconf 81' lang='lat' dir='ltr'><strong>facibus</strong></span> <span class='ocrx_word' id='word_1_37' title='bbox 530 737 622 815; x_wconf 88' lang='lat' dir='ltr'><strong>petite</strong></span> <span class='ocrx_word' id='word_1_38' title='bbox 637 734 805 814; x_wconf 76' lang='lat' dir='ltr'><strong>penetrales</strong></span> <span class='ocrx_word' id='word_1_39' title='bbox 820 736 892 797; x_wconf 86' lang='lat' dir='ltr'><strong>deos</strong></span> 
     </span>
     <span class='ocr_line' id='line_1_8' title="bbox 139 818 765 899; baseline 0.003 -20"><span class='ocrx_word' id='word_1_40' title='bbox 139 820 313 899; x_wconf 77' lang='lat' dir='ltr'><strong>frugemque</strong></span> <span class='ocrx_word' id='word_1_41' title='bbox 328 820 446 882; x_wconf 85' lang='lat' dir='ltr'><strong>flamma</strong></span> <span class='ocrx_word' id='word_1_42' title='bbox 462 822 563 881; x_wconf 86' lang='lat' dir='ltr'><strong>metito</strong></span> <span class='ocrx_word' id='word_1_43' title='bbox 578 819 686 881; x_wconf 89' lang='lat' dir='ltr'><strong>natalis</strong></span> <span class='ocrx_word' id='word_1_44' title='bbox 701 818 765 881; x_wconf 86' lang='lat' dir='ltr'><strong>soli.</strong></span> 
     </span>
     <span class='ocr_line' id='line_1_9' title="bbox 138 905 808 986; baseline -0.001 -21"><span class='ocrx_word' id='word_1_45' title='bbox 138 907 258 965; x_wconf 89' lang='lat' dir='ltr'><strong>miscete</strong></span> <span class='ocrx_word' id='word_1_46' title='bbox 274 913 389 975; x_wconf 88' lang='lat' dir='ltr'><strong>cuncta,</strong></span> <span class='ocrx_word' id='word_1_47' title='bbox 406 907 501 986; x_wconf 80' lang='lat' dir='ltr'><strong>rapite</strong></span> <span class='ocrx_word' id='word_1_48' title='bbox 516 907 546 965; x_wconf 90' lang='lat' dir='ltr'><strong>in</strong></span> <span class='ocrx_word' id='word_1_49' title='bbox 562 907 684 966; x_wconf 81' lang='lat' dir='ltr'><strong>exitium</strong></span> <span class='ocrx_word' id='word_1_50' title='bbox 701 905 808 965; x_wconf 89' lang='lat' dir='ltr'><strong>omnia.</strong></span> 
     </span>
     <span class='ocr_line' id='line_1_10' title="bbox 139 989 813 1069; baseline 0 -19"><span class='ocrx_word' id='word_1_51' title='bbox 139 989 264 1051; x_wconf 87' lang='lat' dir='ltr'><strong>dissicitc</strong></span> <span class='ocrx_word' id='word_1_52' title='bbox 280 992 390 1068; x_wconf 85' lang='lat' dir='ltr'><strong>passim</strong></span> <span class='ocrx_word' id='word_1_53' title='bbox 405 992 536 1059; x_wconf 88' lang='lat' dir='ltr'><strong>moenia,</strong></span> <span class='ocrx_word' id='word_1_54' title='bbox 552 991 582 1049; x_wconf 89' lang='lat' dir='ltr'><strong>iu</strong></span> <span class='ocrx_word' id='word_1_55' title='bbox 599 990 721 1069; x_wconf 91' lang='lat' dir='ltr'><strong>planum</strong></span> <span class='ocrx_word' id='word_1_56' title='bbox 737 990 813 1051; x_wconf 87' lang='lat' dir='ltr'><strong>date.</strong></span> 
     </span>
     <span class='ocr_line' id='line_1_11' title="bbox 137 1073 752 1152; baseline 0 -19"><span class='ocrx_word' id='word_1_57' title='bbox 137 1074 254 1152; x_wconf 89' lang='lat' dir='ltr'><strong>templis</strong></span> <span class='ocrx_word' id='word_1_58' title='bbox 269 1074 342 1136; x_wconf 85' lang='lat' dir='ltr'><strong>deos</strong></span> <span class='ocrx_word' id='word_1_59' title='bbox 357 1074 481 1145; x_wconf 86' lang='lat' dir='ltr'><strong>obruite,</strong></span> <span class='ocrx_word' id='word_1_60' title='bbox 498 1073 660 1135; x_wconf 86' lang='lat' dir='ltr'><strong>maculatos</strong></span> <span class='ocrx_word' id='word_1_61' title='bbox 674 1073 752 1135; x_wconf 89' lang='lat' dir='ltr'><strong>lares</strong></span> 
     </span>
     <span class='ocr_line' id='line_1_12' title="bbox 139 1157 772 1220; baseline -0.002 -3"><span class='ocrx_word' id='word_1_62' title='bbox 139 1158 274 1219; x_wconf 85' lang='lat' dir='ltr'><strong>conflate.</strong></span> <span class='ocrx_word' id='word_1_63' title='bbox 303 1159 340 1220; x_wconf 93' lang='lat' dir='ltr'><strong>ab</strong></span> <span class='ocrx_word' id='word_1_64' title='bbox 356 1160 415 1220; x_wconf 90' lang='lat' dir='ltr'><strong>imo</strong></span> <span class='ocrx_word' id='word_1_65' title='bbox 430 1165 489 1219; x_wconf 87' lang='lat' dir='ltr'><strong>tota</strong></span> <span class='ocrx_word' id='word_1_66' title='bbox 506 1157 642 1219; x_wconf 89' lang='lat' dir='ltr'><strong>considat</strong></span> <span class='ocrx_word' id='word_1_67' title='bbox 656 1158 772 1218; x_wconf 86' lang='lat' dir='ltr'><strong>domus.</strong></span> 
     </span>
    </p>

    <p class='ocr_par' dir='ltr' id='par_1_6' title="bbox 102 1241 902 1406">
     <span class='ocr_line' id='line_1_13' title="bbox 102 1241 902 1322; baseline 0.006 -23"><span class='ocrx_word' id='word_1_68' title='bbox 102 1241 125 1299; x_wconf 85' lang='lat' dir='ltr'><strong>b&#39;</strong></span> <span class='ocrx_word' id='word_1_69' title='bbox 177 1242 254 1305; x_wconf 83' lang='lat' dir='ltr'><strong>Vrbs</strong></span> <span class='ocrx_word' id='word_1_70' title='bbox 271 1251 487 1305; x_wconf 86' lang='lat' dir='ltr'><strong>concremetur.</strong></span> <span class='ocrx_word' id='word_1_71' title='bbox 514 1244 630 1322; x_wconf 88' lang='lat' dir='ltr'><strong>primus</strong></span> <span class='ocrx_word' id='word_1_72' title='bbox 645 1260 661 1302; x_wconf 91' lang='lat' dir='ltr'><strong>a</strong></span> <span class='ocrx_word' id='word_1_73' title='bbox 676 1241 814 1302; x_wconf 84' lang='lat' dir='ltr'><strong>thalamis</strong></span> <span class='ocrx_word' id='word_1_74' title='bbox 828 1242 902 1303; x_wconf 87' lang='lat' dir='ltr'><strong>meis</strong></span> 
     </span>
     <span class='ocr_line' id='line_1_14' title="bbox 135 1327 355 1406; baseline 0.014 -20"><span class='ocrx_word' id='word_1_75' title='bbox 135 1327 255 1406; x_wconf 87' lang='lat' dir='ltr'><strong>incipiat</strong></span> <span class='ocrx_word' id='word_1_76' title='bbox 271 1330 355 1405; x_wconf 86' lang='lat' dir='ltr'><strong>ignis.</strong></span> 
     </span>
    </p>

    <p class='ocr_par' dir='ltr' id='par_1_7' title="bbox 136 1411 809 1490">
     <span class='ocr_line' id='line_1_15' title="bbox 136 1411 809 1490; baseline 0 -20"><span class='ocrx_word' id='word_1_77' title='bbox 136 1412 226 1473; x_wconf 75' lang='lat' dir='ltr'><strong>Norat.</strong></span> <span class='ocrx_word' id='word_1_78' title='bbox 387 1415 469 1473; x_wconf 90' lang='lat' dir='ltr'><strong>mitte</strong></span> <span class='ocrx_word' id='word_1_79' title='bbox 484 1411 647 1473; x_wconf 89' lang='lat' dir='ltr'><strong>uiolentum</strong></span> <span class='ocrx_word' id='word_1_80' title='bbox 663 1412 809 1490; x_wconf 88' lang='lat' dir='ltr'><strong>impetum</strong></span> 
     </span>
    </p>

    <p class='ocr_par' dir='ltr' id='par_1_8' title="bbox 136 1494 706 1577">
     <span class='ocr_line' id='line_1_16' title="bbox 136 1494 706 1577; baseline 0.002 -22"><span class='ocrx_word' id='word_1_81' title='bbox 136 1494 245 1557; x_wconf 90' lang='lat' dir='ltr'><strong>doloris</strong></span> <span class='ocrx_word' id='word_1_82' title='bbox 260 1515 296 1558; x_wconf 92' lang='lat' dir='ltr'><strong>ac</strong></span> <span class='ocrx_word' id='word_1_83' title='bbox 312 1505 340 1557; x_wconf 91' lang='lat' dir='ltr'><strong>te</strong></span> <span class='ocrx_word' id='word_1_84' title='bbox 355 1495 472 1577; x_wconf 90' lang='lat' dir='ltr'><strong>publica</strong></span> <span class='ocrx_word' id='word_1_85' title='bbox 489 1504 614 1558; x_wconf 84' lang='lat' dir='ltr'><strong>erorcnt</strong></span> <span class='ocrx_word' id='word_1_86' title='bbox 628 1494 706 1556; x_wconf 94' lang='lat' dir='ltr'><strong>mala</strong></span> 
     </span>
    </p>

    <p class='ocr_par' dir='ltr' id='par_1_9' title="bbox 135 1580 751 1661">
     <span class='ocr_line' id='line_1_17' title="bbox 135 1580 751 1661; baseline 0 -23"><span class='ocrx_word' id='word_1_87' title='bbox 135 1586 296 1661; x_wconf 88' lang='lat' dir='ltr'><strong>auctorque</strong></span> <span class='ocrx_word' id='word_1_88' title='bbox 311 1581 443 1657; x_wconf 85' lang='lat' dir='ltr'><strong>placidae</strong></span> <span class='ocrx_word' id='word_1_89' title='bbox 457 1580 561 1642; x_wconf 80' lang='lat' dir='ltr'><strong>liberis</strong></span> <span class='ocrx_word' id='word_1_90' title='bbox 576 1583 657 1658; x_wconf 91' lang='lat' dir='ltr'><strong>pacis</strong></span> <span class='ocrx_word' id='word_1_91' title='bbox 672 1581 751 1641; x_wconf 88' lang='lat' dir='ltr'><strong>ueni.</strong></span> 
     </span>
    </p>

    <p class='ocr_par' dir='ltr' id='par_1_10' title="bbox 136 1664 943 1829">
     <span class='ocr_line' id='line_1_18' title="bbox 136 1664 943 1743; baseline 0.002 -20"><span class='ocrx_word' id='word_1_92' title='bbox 136 1675 250 1725; x_wconf 74' lang='lat' dir='ltr'><strong>omnir.</strong></span> <span class='ocrx_word' id='word_1_93' title='bbox 276 1665 348 1742; x_wconf 81' lang='lat' dir='ltr'><strong>quid</strong></span> <span class='ocrx_word' id='word_1_94' title='bbox 362 1665 573 1743; x_wconf 17' lang='lat' dir='ltr'><strong>meqmodestae</strong></span> <span class='ocrx_word' id='word_1_95' title='bbox 589 1665 720 1726; x_wconf 87' lang='lat' dir='ltr'><strong>deditum</strong></span> <span class='ocrx_word' id='word_1_96' title='bbox 736 1664 826 1724; x_wconf 90' lang='lat' dir='ltr'><strong>menti</strong></span> <span class='ocrx_word' id='word_1_97' title='bbox 842 1680 943 1725; x_wconf 87' lang='lat' dir='ltr'><strong>senem</strong></span> 
     </span>
     <span class='ocr_line' id='line_1_19' title="bbox 136 1747 877 1829; baseline 0.001 -22"><span class='ocrx_word' id='word_1_98' title='bbox 136 1747 326 1829; x_wconf 88' lang='lat' dir='ltr'><strong>placidaeque</strong></span> <span class='ocrx_word' id='word_1_99' title='bbox 342 1758 489 1812; x_wconf 89' lang='lat' dir='ltr'><strong>amantem</strong></span> <span class='ocrx_word' id='word_1_100' title='bbox 506 1752 587 1828; x_wconf 90' lang='lat' dir='ltr'><strong>pacis</strong></span> <span class='ocrx_word' id='word_1_101' title='bbox 602 1750 641 1810; x_wconf 88' lang='lat' dir='ltr'><strong>ad</strong></span> <span class='ocrx_word' id='word_1_102' title='bbox 654 1755 754 1828; x_wconf 90' lang='lat' dir='ltr'><strong>partes</strong></span> <span class='ocrx_word' id='word_1_103' title='bbox 769 1750 877 1809; x_wconf 89' lang='lat' dir='ltr'><strong>uocasi</strong></span> 
     </span>
    </p>

    <p class='ocr_par' dir='ltr' id='par_1_11' title="bbox 109 1832 887 2336">
     <span class='ocr_line' id='line_1_20' title="bbox 109 1832 872 1904; baseline 0.008 -16"><span class='ocrx_word' id='word_1_104' title='bbox 109 1837 124 1888; x_wconf 87' lang='lat' dir='ltr'><strong>b</strong></span> <span class='ocrx_word' id='word_1_105' title='bbox 176 1832 282 1895; x_wconf 88' lang='lat' dir='ltr'><strong>Tumcl</strong></span> <span class='ocrx_word' id='word_1_106' title='bbox 298 1836 413 1895; x_wconf 87' lang='lat' dir='ltr'><strong>animus</strong></span> <span class='ocrx_word' id='word_1_107' title='bbox 428 1836 482 1904; x_wconf 89' lang='lat' dir='ltr'><strong>ira,</strong></span> <span class='ocrx_word' id='word_1_108' title='bbox 498 1835 595 1895; x_wconf 90' lang='lat' dir='ltr'><strong>feruet</strong></span> <span class='ocrx_word' id='word_1_109' title='bbox 610 1836 761 1894; x_wconf 87' lang='lat' dir='ltr'><strong>inmensus</strong></span> <span class='ocrx_word' id='word_1_110' title='bbox 776 1832 872 1894; x_wconf 89' lang='lat' dir='ltr'><strong>dolor.</strong></span> 
     </span>
     <span class='ocr_line' id='line_1_21' title="bbox 136 1917 887 1999; baseline 0.003 -23"><span class='ocrx_word' id='word_1_111' title='bbox 136 1918 286 1997; x_wconf 89' lang='lat' dir='ltr'><strong>maiusque</strong></span> <span class='ocrx_word' id='word_1_112' title='bbox 302 1937 390 1997; x_wconf 91' lang='lat' dir='ltr'><strong>quam</strong></span> <span class='ocrx_word' id='word_1_113' title='bbox 406 1920 485 1999; x_wconf 90' lang='lat' dir='ltr'><strong>quod</strong></span> <span class='ocrx_word' id='word_1_114' title='bbox 501 1938 587 1980; x_wconf 90' lang='lat' dir='ltr'><strong>casus</strong></span> <span class='ocrx_word' id='word_1_115' title='bbox 603 1927 632 1979; x_wconf 87' lang='lat' dir='ltr'><strong>et</strong></span> <span class='ocrx_word' id='word_1_116' title='bbox 646 1921 788 1979; x_wconf 89' lang='lat' dir='ltr'><strong>iuuenum</strong></span> <span class='ocrx_word' id='word_1_117' title='bbox 804 1917 887 1978; x_wconf 92' lang='lat' dir='ltr'><strong>furor</strong></span> 
     </span>
     <span class='ocr_line' id='line_1_22' title="bbox 136 2001 843 2082; baseline 0 -21"><span class='ocrx_word' id='word_1_118' title='bbox 136 2013 256 2063; x_wconf 90' lang='lat' dir='ltr'><strong>conatur</strong></span> <span class='ocrx_word' id='word_1_119' title='bbox 273 2003 384 2082; x_wconf 91' lang='lat' dir='ltr'><strong>aliquid</strong></span> <span class='ocrx_word' id='word_1_120' title='bbox 399 2006 497 2081; x_wconf 90' lang='lat' dir='ltr'><strong>cupio.</strong></span> <span class='ocrx_word' id='word_1_121' title='bbox 524 2022 585 2064; x_wconf 90' lang='lat' dir='ltr'><strong>non</strong></span> <span class='ocrx_word' id='word_1_122' title='bbox 601 2004 672 2064; x_wconf 91' lang='lat' dir='ltr'><strong>satis</strong></span> <span class='ocrx_word' id='word_1_123' title='bbox 687 2010 732 2064; x_wconf 86' lang='lat' dir='ltr'><strong>cst</strong></span> <span class='ocrx_word' id='word_1_124' title='bbox 746 2001 843 2063; x_wconf 86' lang='lat' dir='ltr'><strong>adhuc</strong></span> 
     </span>
     <span class='ocr_line' id='line_1_23' title="bbox 136 2086 746 2149; baseline 0 -4"><span class='ocrx_word' id='word_1_125' title='bbox 136 2086 218 2148; x_wconf 92' lang='lat' dir='ltr'><strong>ciuile</strong></span> <span class='ocrx_word' id='word_1_126' title='bbox 233 2086 362 2149; x_wconf 93' lang='lat' dir='ltr'><strong>bellum:</strong></span> <span class='ocrx_word' id='word_1_127' title='bbox 379 2089 471 2149; x_wconf 89' lang='lat' dir='ltr'><strong>frater</strong></span> <span class='ocrx_word' id='word_1_128' title='bbox 485 2089 516 2147; x_wconf 91' lang='lat' dir='ltr'><strong>in</strong></span> <span class='ocrx_word' id='word_1_129' title='bbox 532 2088 654 2147; x_wconf 86' lang='lat' dir='ltr'><strong>fratrem</strong></span> <span class='ocrx_word' id='word_1_130' title='bbox 671 2096 746 2147; x_wconf 86' lang='lat' dir='ltr'><strong>ruat.</strong></span> 
     </span>
     <span class='ocr_line' id='line_1_24' title="bbox 135 2170 783 2252; baseline 0.003 -24"><span class='ocrx_word' id='word_1_131' title='bbox 135 2187 187 2231; x_wconf 89' lang='lat' dir='ltr'><strong>nec</strong></span> <span class='ocrx_word' id='word_1_132' title='bbox 202 2173 259 2233; x_wconf 90' lang='lat' dir='ltr'><strong>hoc</strong></span> <span class='ocrx_word' id='word_1_133' title='bbox 274 2174 364 2232; x_wconf 87' lang='lat' dir='ltr'><strong>satis:</strong></span> <span class='ocrx_word' id='word_1_134' title='bbox 380 2172 459 2252; x_wconf 89' lang='lat' dir='ltr'><strong>quod</strong></span> <span class='ocrx_word' id='word_1_135' title='bbox 475 2170 572 2241; x_wconf 89' lang='lat' dir='ltr'><strong>debet,</strong></span> <span class='ocrx_word' id='word_1_136' title='bbox 590 2177 621 2231; x_wconf 92' lang='lat' dir='ltr'><strong>ut</strong></span> <span class='ocrx_word' id='word_1_137' title='bbox 636 2171 685 2229; x_wconf 90' lang='lat' dir='ltr'><strong>liat</strong></span> <span class='ocrx_word' id='word_1_138' title='bbox 700 2173 783 2232; x_wconf 90' lang='lat' dir='ltr'><strong>nefas</strong></span> 
     </span>
     <span class='ocr_line' id='line_1_25' title="bbox 136 2253 811 2336; baseline 0.003 -23"><span class='ocrx_word' id='word_1_139' title='bbox 136 2253 170 2315; x_wconf 89' lang='lat' dir='ltr'><strong>de</strong></span> <span class='ocrx_word' id='word_1_140' title='bbox 184 2273 267 2318; x_wconf 92' lang='lat' dir='ltr'><strong>more</strong></span> <span class='ocrx_word' id='word_1_141' title='bbox 281 2263 385 2317; x_wconf 88' lang='lat' dir='ltr'><strong>nostro</strong></span> <span class='ocrx_word' id='word_1_142' title='bbox 401 2256 480 2336; x_wconf 88' lang='lat' dir='ltr'><strong>quod</strong></span> <span class='ocrx_word' id='word_1_143' title='bbox 497 2274 581 2316; x_wconf 90' lang='lat' dir='ltr'><strong>meos</strong></span> <span class='ocrx_word' id='word_1_144' title='bbox 596 2256 700 2316; x_wconf 87' lang='lat' dir='ltr'><strong>deceat</strong></span> <span class='ocrx_word' id='word_1_145' title='bbox 714 2263 811 2317; x_wconf 90' lang='lat' dir='ltr'><strong>toros:</strong></span> 
     </span>
    </p>
   </div>
   <div class='ocr_carea' id='block_1_5' title="bbox 101 2331 884 2756">
    <p class='ocr_par' dir='ltr' id='par_1_12' title="bbox 101 2331 884 2756">
     <span class='ocr_line' id='line_1_26' title="bbox 101 2331 884 2419; baseline 0 -20"><span class='ocrx_word' id='word_1_146' title='bbox 101 2331 125 2389; x_wconf 87' lang='lat' dir='ltr'><strong>b&#39;</strong></span> <span class='ocrx_word' id='word_1_147' title='bbox 175 2338 245 2401; x_wconf 89' lang='lat' dir='ltr'><strong>Date</strong></span> <span class='ocrx_word' id='word_1_148' title='bbox 261 2358 345 2401; x_wconf 88' lang='lat' dir='ltr'><strong>arma</strong></span> <span class='ocrx_word' id='word_1_149' title='bbox 359 2343 446 2419; x_wconf 88' lang='lat' dir='ltr'><strong>patri.</strong></span> <span class='ocrx_word' id='word_1_150' title='bbox 463 2372 505 2383; x_wconf 90' lang='lat'>-</span> <span class='ocrx_word' id='word_1_151' title='bbox 518 2356 607 2399; x_wconf 90' lang='lat' dir='ltr'><strong>nemo</strong></span> <span class='ocrx_word' id='word_1_152' title='bbox 623 2358 671 2400; x_wconf 92' lang='lat' dir='ltr'><strong>me</strong></span> <span class='ocrx_word' id='word_1_153' title='bbox 687 2359 722 2400; x_wconf 84' lang='lat' dir='ltr'><strong>ex</strong></span> <span class='ocrx_word' id='word_1_154' title='bbox 737 2341 783 2400; x_wconf 88' lang='lat' dir='ltr'><strong>his</strong></span> <span class='ocrx_word' id='word_1_155' title='bbox 799 2347 884 2401; x_wconf 88' lang='lat' dir='ltr'><strong>eruat</strong></span> 
     </span>
     <span class='ocr_line' id='line_1_27' title="bbox 136 2421 741 2503; baseline 0.008 -23"><span class='ocrx_word' id='word_1_156' title='bbox 136 2421 229 2485; x_wconf 87' lang='lat' dir='ltr'><strong>siluis:</strong></span> <span class='ocrx_word' id='word_1_157' title='bbox 245 2423 345 2485; x_wconf 88' lang='lat' dir='ltr'><strong>latebo</strong></span> <span class='ocrx_word' id='word_1_158' title='bbox 361 2426 443 2503; x_wconf 90' lang='lat' dir='ltr'><strong>rupis</strong></span> <span class='ocrx_word' id='word_1_159' title='bbox 459 2441 564 2485; x_wconf 83' lang='lat' dir='ltr'><strong>exesae</strong></span> <span class='ocrx_word' id='word_1_160' title='bbox 579 2442 654 2485; x_wconf 91' lang='lat' dir='ltr'><strong>cauo</strong></span> <span class='ocrx_word' id='word_1_161' title='bbox 736 2456 741 2467; x_wconf 92' lang='lat'>·</span> 
     </span>
     <span class='ocr_line' id='line_1_28' title="bbox 135 2507 803 2588; baseline 0.007 -24"><span class='ocrx_word' id='word_1_162' title='bbox 135 2516 182 2567; x_wconf 89' lang='lat' dir='ltr'><strong>aut</strong></span> <span class='ocrx_word' id='word_1_163' title='bbox 195 2525 264 2587; x_wconf 90' lang='lat' dir='ltr'><strong>sepe</strong></span> <span class='ocrx_word' id='word_1_164' title='bbox 281 2508 371 2569; x_wconf 88' lang='lat' dir='ltr'><strong>densa</strong></span> <span class='ocrx_word' id='word_1_165' title='bbox 387 2527 496 2588; x_wconf 92' lang='lat' dir='ltr'><strong>corpus</strong></span> <span class='ocrx_word' id='word_1_166' title='bbox 511 2507 679 2569; x_wconf 88' lang='lat' dir='ltr'><strong>abstrusum</strong></span> <span class='ocrx_word' id='word_1_167' title='bbox 696 2516 803 2587; x_wconf 83' lang='lat' dir='ltr'><strong>tegam.</strong></span> 
     </span>
     <span class='ocr_line' id='line_1_29' title="bbox 135 2587 724 2673; baseline 0.007 -24"><span class='ocrx_word' id='word_1_168' title='bbox 135 2587 199 2653; x_wconf 90' lang='lat' dir='ltr'><strong>hinc</strong></span> <span class='ocrx_word' id='word_1_169' title='bbox 215 2592 387 2673; x_wconf 91' lang='lat' dir='ltr'><strong>aucupabor</strong></span> <span class='ocrx_word' id='word_1_170' title='bbox 402 2592 494 2655; x_wconf 91' lang='lat' dir='ltr'><strong>uerba</strong></span> <span class='ocrx_word' id='word_1_171' title='bbox 510 2594 640 2653; x_wconf 88' lang='lat' dir='ltr'><strong>rumoris</strong></span> <span class='ocrx_word' id='word_1_172' title='bbox 655 2596 724 2671; x_wconf 80' lang='lat' dir='ltr'><strong>uagi</strong></span> 
     </span>
     <span class='ocr_line' id='line_1_30' title="bbox 137 2676 873 2756; baseline 0.005 -25"><span class='ocrx_word' id='word_1_173' title='bbox 137 2680 163 2732; x_wconf 90' lang='lat' dir='ltr'><strong>et</strong></span> <span class='ocrx_word' id='word_1_174' title='bbox 177 2692 262 2738; x_wconf 90' lang='lat' dir='ltr'><strong>saeua</strong></span> <span class='ocrx_word' id='word_1_175' title='bbox 278 2678 404 2739; x_wconf 82' lang='lat' dir='ltr'><strong>fratrum</strong></span> <span class='ocrx_word' id='word_1_176' title='bbox 421 2678 498 2739; x_wconf 87' lang='lat' dir='ltr'><strong>bella</strong></span> <span class='ocrx_word' id='word_1_177' title='bbox 515 2678 593 2756; x_wconf 88' lang='lat' dir='ltr'><strong>quod</strong></span> <span class='ocrx_word' id='word_1_178' title='bbox 610 2695 730 2755; x_wconf 85' lang='lat' dir='ltr'><strong>possum</strong></span> <span class='ocrx_word' id='word_1_179' title='bbox 747 2676 873 2736; x_wconf 87' lang='lat' dir='ltr'><strong>audiam.</strong></span> 
     </span>
    </p>
   </div>
   <div class='ocr_carea' id='block_1_6' title="bbox 135 2978 1048 3599">
    <p class='ocr_par' dir='ltr' id='par_1_13' title="bbox 135 2978 1048 3521">
     <span class='ocr_line' id='line_1_31' title="bbox 198 2978 1048 3048; baseline 0.001 -18"><span class='ocrx_word' id='word_1_180' title='bbox 198 2980 247 3031; x_wconf 90' lang='grc'><strong>340</strong></span> <span class='ocrx_word' id='word_1_181' title='bbox 264 2981 416 3045; x_wconf 86' lang='lat' dir='ltr'><strong>penetriles</strong></span> <span class='ocrx_word' id='word_1_182' title='bbox 435 2982 460 3031; x_wconf 82' lang='grc' dir='ltr'><em>Ε</em></span> <span class='ocrx_word' id='word_1_183' title='bbox 488 2978 500 3048; x_wconf 85' lang='grc' dir='ltr'><strong>ΙΙ</strong></span> <span class='ocrx_word' id='word_1_184' title='bbox 529 2982 576 3033; x_wconf 86' lang='grc'><strong>341</strong></span> <span class='ocrx_word' id='word_1_185' title='bbox 600 2980 766 3045; x_wconf 70' lang='lat' dir='ltr'><strong>frigiamque</strong></span> <span class='ocrx_word' id='word_1_186' title='bbox 785 2981 923 3030; x_wconf 81' lang='lat' dir='ltr'><strong>flammam</strong></span> <span class='ocrx_word' id='word_1_187' title='bbox 941 2983 969 3031; x_wconf 86' lang='lat' dir='ltr'><strong>et</strong></span> <span class='ocrx_word' id='word_1_188' title='bbox 987 2984 1048 3031; x_wconf 86' lang='lat' dir='ltr'><strong>ete-</strong></span> 
     </span>
     <span class='ocr_line' id='line_1_32' title="bbox 136 3043 1011 3115; baseline 0.008 -23"><span class='ocrx_word' id='word_1_189' title='bbox 136 3043 188 3094; x_wconf 82' lang='lat' dir='ltr'><strong>rius</strong></span> <span class='ocrx_word' id='word_1_190' title='bbox 198 3047 249 3096; x_wconf 82' lang='lat' dir='ltr'><strong>tali</strong></span> <span class='ocrx_word' id='word_1_191' title='bbox 262 3048 315 3100; x_wconf 86' lang='lat' dir='ltr'><strong>soli</strong></span> <span class='ocrx_word' id='word_1_192' title='bbox 329 3050 354 3098; x_wconf 77' lang='grc' dir='ltr'><em>Ε</em></span> <span class='ocrx_word' id='word_1_193' title='bbox 375 3050 537 3115; x_wconf 83' lang='lat' dir='ltr'><strong>frugemque</strong></span> <span class='ocrx_word' id='word_1_194' title='bbox 556 3050 667 3098; x_wconf 82' lang='lat' dir='ltr'><strong>flamma</strong></span> <span class='ocrx_word' id='word_1_195' title='bbox 684 3048 781 3098; x_wconf 85' lang='lat' dir='ltr'><strong>metite</strong></span> <span class='ocrx_word' id='word_1_196' title='bbox 799 3046 904 3098; x_wconf 81' lang='lat' dir='ltr'><strong>natalis</strong></span> <span class='ocrx_word' id='word_1_197' title='bbox 921 3047 974 3099; x_wconf 84' lang='lat' dir='ltr'><strong>soli</strong></span> <span class='ocrx_word' id='word_1_198' title='bbox 985 3050 1011 3099; x_wconf 88' lang='lat' dir='ltr'><em>A</em></span> 
     </span>
     <span class='ocr_line' id='line_1_33' title="bbox 135 3112 1012 3183; baseline 0.008 -23"><span class='ocrx_word' id='word_1_199' title='bbox 135 3112 180 3161; x_wconf 83' lang='lat'><strong>342</strong></span> <span class='ocrx_word' id='word_1_200' title='bbox 197 3116 310 3167; x_wconf 85' lang='lat' dir='ltr'><strong>miscete</strong></span> <span class='ocrx_word' id='word_1_201' title='bbox 328 3130 398 3168; x_wconf 83' lang='lat' dir='ltr'><strong>corr.</strong></span> <span class='ocrx_word' id='word_1_202' title='bbox 416 3133 452 3167; x_wconf 71' lang='lat' dir='ltr'><strong>ea</strong></span> <span class='ocrx_word' id='word_1_203' title='bbox 469 3118 586 3167; x_wconf 85' lang='lat' dir='ltr'><strong>miscere</strong></span> <span class='ocrx_word' id='word_1_204' title='bbox 604 3114 640 3165; x_wconf 67' lang='lat'><strong>13¹</strong></span> <span class='ocrx_word' id='word_1_205' title='bbox 660 3113 673 3183; x_wconf 78' lang='grc' dir='ltr'><strong>ΙΙ</strong></span> <span class='ocrx_word' id='word_1_206' title='bbox 693 3115 806 3165; x_wconf 84' lang='lat' dir='ltr'><strong>exilium</strong></span> <span class='ocrx_word' id='word_1_207' title='bbox 822 3116 847 3164; x_wconf 91' lang='lat' dir='ltr'><em>A</em></span> <span class='ocrx_word' id='word_1_208' title='bbox 866 3116 980 3166; x_wconf 84' lang='lat' dir='ltr'><strong>exitium</strong></span> <span class='ocrx_word' id='word_1_209' title='bbox 998 3130 1012 3167; x_wconf 89' lang='grc' dir='ltr'>ε</span> 
     </span>
     <span class='ocr_line' id='line_1_34' title="bbox 136 3179 1044 3250; baseline 0.006 -22"><span class='ocrx_word' id='word_1_210' title='bbox 136 3179 180 3229; x_wconf 79' lang='grc'><strong>347</strong></span> <span class='ocrx_word' id='word_1_211' title='bbox 196 3181 276 3233; x_wconf 84' lang='grc' dir='ltr'>ΔΝΤ.</span> <span class='ocrx_word' id='word_1_212' title='bbox 296 3185 374 3233; x_wconf 84' lang='lat' dir='ltr'><strong>mitte</strong></span> <span class='ocrx_word' id='word_1_213' title='bbox 394 3198 433 3235; x_wconf 84' lang='grc' dir='ltr'><strong>εα</strong></span> <span class='ocrx_word' id='word_1_214' title='bbox 449 3184 531 3237; x_wconf 85' lang='lat' dir='ltr'><strong>ANT.</strong></span> <span class='ocrx_word' id='word_1_215' title='bbox 546 3187 610 3234; x_wconf 82' lang='lat' dir='ltr'><strong>ante</strong></span> <span class='ocrx_word' id='word_1_216' title='bbox 625 3183 718 3247; x_wconf 80' lang='lat' dir='ltr'>(ANT.</span> <span class='ocrx_word' id='word_1_217' title='bbox 732 3186 765 3233; x_wconf 85' lang='lat' dir='ltr'><strong>al.</strong></span> <span class='ocrx_word' id='word_1_218' title='bbox 778 3190 803 3247; x_wconf 81' lang='grc' dir='ltr'><strong>ψ</strong></span> <span class='ocrx_word' id='word_1_219' title='bbox 814 3183 911 3250; x_wconf 76' lang='grc' dir='ltr'>οηι.)ψ</span> <span class='ocrx_word' id='word_1_220' title='bbox 928 3182 1044 3249; x_wconf 77' lang='grc' dir='ltr'><strong>Νῐιῐιοί9.</strong></span> 
     </span>
     <span class='ocr_line' id='line_1_35' title="bbox 137 3248 1045 3317; baseline 0.006 -23"><span class='ocrx_word' id='word_1_221' title='bbox 137 3250 235 3299; x_wconf 81' lang='lat' dir='ltr'><strong>arceR</strong></span> <span class='ocrx_word' id='word_1_222' title='bbox 268 3252 392 3304; x_wconf 84' lang='lat' dir='ltr'><strong>NVNT.</strong></span> <span class='ocrx_word' id='word_1_223' title='bbox 417 3254 497 3302; x_wconf 86' lang='lat' dir='ltr'><strong>mitto</strong></span> <span class='ocrx_word' id='word_1_224' title='bbox 519 3253 615 3315; x_wconf 72' lang='lat' dir='ltr'><strong>scripsi</strong></span> <span class='ocrx_word' id='word_1_225' title='bbox 641 3248 654 3317; x_wconf 79' lang='lat' dir='ltr'>ss</span> <span class='ocrx_word' id='word_1_226' title='bbox 686 3252 737 3302; x_wconf 78' lang='lat'><strong>350</strong></span> <span class='ocrx_word' id='word_1_227' title='bbox 758 3250 837 3301; x_wconf 84' lang='lat' dir='ltr'><strong>uides</strong></span> <span class='ocrx_word' id='word_1_228' title='bbox 860 3250 1003 3302; x_wconf 77' lang='lat' dir='ltr'><strong>modestae</strong></span> <span class='ocrx_word' id='word_1_229' title='bbox 1022 3268 1045 3300; x_wconf 85' lang='lat' dir='ltr'><strong>m</strong></span> 
     </span>
     <span class='ocr_line' id='line_1_36' title="bbox 136 3315 1046 3385; baseline 0.007 -25"><span class='ocrx_word' id='word_1_230' title='bbox 136 3327 198 3364; x_wconf 85' lang='lat' dir='ltr'><strong>corr.</strong></span> <span class='ocrx_word' id='word_1_231' title='bbox 215 3318 291 3368; x_wconf 80' lang='lat' dir='ltr'><strong>NHs.</strong></span> <span class='ocrx_word' id='word_1_232' title='bbox 322 3315 336 3385; x_wconf 78' lang='grc' dir='ltr'><strong>Ι]</strong></span> <span class='ocrx_word' id='word_1_233' title='bbox 363 3322 412 3370; x_wconf 77' lang='lat'><strong>352</strong></span> <span class='ocrx_word' id='word_1_234' title='bbox 430 3321 593 3370; x_wconf 82' lang='lat' dir='ltr'><strong>immensum</strong></span> <span class='ocrx_word' id='word_1_235' title='bbox 611 3321 636 3369; x_wconf 92' lang='lat' dir='ltr'><em>A</em></span> <span class='ocrx_word' id='word_1_236' title='bbox 659 3319 809 3369; x_wconf 82' lang='lat' dir='ltr'><strong>immensus</strong></span> <span class='ocrx_word' id='word_1_237' title='bbox 826 3319 876 3370; x_wconf 79' lang='lat' dir='ltr'><strong>Eli</strong></span> <span class='ocrx_word' id='word_1_238' title='bbox 897 3316 910 3385; x_wconf 83' lang='grc' dir='ltr'><strong>ΙΙ</strong></span> <span class='ocrx_word' id='word_1_239' title='bbox 932 3319 982 3370; x_wconf 78' lang='grc'><strong>336</strong></span> <span class='ocrx_word' id='word_1_240' title='bbox 1000 3324 1046 3367; x_wconf 81' lang='lat' dir='ltr'><strong>sat</strong></span> 
     </span>
     <span class='ocr_line' id='line_1_37' title="bbox 138 3383 1044 3487; baseline 0.008 -60"><span class='ocrx_word' id='word_1_241' title='bbox 138 3384 210 3432; x_wconf 84' lang='lat' dir='ltr'><strong>estA</strong></span> <span class='ocrx_word' id='word_1_242' title='bbox 228 3387 297 3436; x_wconf 86' lang='lat' dir='ltr'><strong>satis</strong></span> <span class='ocrx_word' id='word_1_243' title='bbox 316 3391 359 3436; x_wconf 85' lang='lat' dir='ltr'><strong>est</strong></span> <span class='ocrx_word' id='word_1_244' title='bbox 371 3387 420 3438; x_wconf 81' lang='lat' dir='ltr'><strong>Eli</strong></span> <span class='ocrx_word' id='word_1_245' title='bbox 438 3389 507 3439; x_wconf 82' lang='lat' dir='ltr'><strong>setis</strong></span> <span class='ocrx_word' id='word_1_246' title='bbox 524 3390 619 3487; x_wconf 66' lang='lat' dir='ltr'><strong>acrique·</strong></span> <span class='ocrx_word' id='word_1_247' title='bbox 636 3384 697 3450; x_wconf 75' lang='lat' dir='ltr'><strong>(am</strong></span> <span class='ocrx_word' id='word_1_248' title='bbox 715 3384 828 3452; x_wconf 81' lang='lat' dir='ltr'><strong>satist?)</strong></span> <span class='ocrx_word' id='word_1_249' title='bbox 850 3383 863 3452; x_wconf 77' lang='lat' dir='ltr'><strong>ll</strong></span> <span class='ocrx_word' id='word_1_250' title='bbox 890 3388 940 3437; x_wconf 87' lang='grc'><strong>361</strong></span> <span class='ocrx_word' id='word_1_251' title='bbox 961 3400 1044 3435; x_wconf 84' lang='lat' dir='ltr'><strong>oucu-</strong></span> 
     </span>
     <span class='ocr_line' id='line_1_38' title="bbox 136 3447 573 3521; baseline 0.011 -21"><span class='ocrx_word' id='word_1_252' title='bbox 136 3447 216 3509; x_wconf 76' lang='lat' dir='ltr'><strong>pabor</strong></span> <span class='ocrx_word' id='word_1_253' title='bbox 232 3468 301 3507; x_wconf 87' lang='lat' dir='ltr'><strong>corr.</strong></span> <span class='ocrx_word' id='word_1_254' title='bbox 320 3470 356 3505; x_wconf 78' lang='lat' dir='ltr'><strong>eac</strong></span> <span class='ocrx_word' id='word_1_255' title='bbox 374 3471 531 3521; x_wconf 80' lang='lat' dir='ltr'><strong>aucupuuor</strong></span> <span class='ocrx_word' id='word_1_256' title='bbox 549 3454 573 3505; x_wconf 77' lang='grc' dir='ltr'><em>Ε</em></span> 
     </span>
    </p>

    <p class='ocr_par' dir='ltr' id='par_1_14' title="bbox 795 3536 840 3599">
     <span class='ocr_line' id='line_1_39' title="bbox 795 3536 840 3599; baseline 0 -24"><span class='ocrx_word' id='word_1_257' title='bbox 795 3536 840 3599; x_wconf 64' lang='grc'><strong>81</strong></span> 
     </span>
    </p>
   </div>
   <div class='ocr_carea' id='block_1_7' title="bbox 900 3643 913 3681">
    <p class='ocr_par' dir='ltr' id='par_1_15' title="bbox 900 3643 913 3681">
     <span class='ocr_line' id='line_1_40' title="bbox 900 3643 913 3681; baseline 0 0"><span class='ocrx_word' id='word_1_258' title='bbox 900 3643 913 3681; x_wconf 77' lang='grc' dir='ltr'><strong><em>Ι</em></strong></span> 
     </span>
    </p>
   </div>
   <div class='ocr_carea' id='block_1_8' title="bbox 1077 321 1127 374">
    <p class='ocr_par' dir='ltr' id='par_1_16' title="bbox 1077 321 1127 374">
     <span class='ocr_line' id='line_1_41' title="bbox 1077 321 1127 374; baseline 0 0"><span class='ocrx_word' id='word_1_259' title='bbox 1077 321 1127 374; x_wconf 77' lang='grc'><strong>335</strong></span> 
     </span>
    </p>
   </div>
   <div class='ocr_carea' id='block_1_9' title="bbox 1073 739 1124 795">
    <p class='ocr_par' dir='ltr' id='par_1_17' title="bbox 1073 739 1124 795">
     <span class='ocr_line' id='line_1_42' title="bbox 1073 739 1124 795; baseline -0.02 0"><span class='ocrx_word' id='word_1_260' title='bbox 1073 739 1124 795; x_wconf 89' lang='grc'><strong>340</strong></span> 
     </span>
    </p>
   </div>
   <div class='ocr_carea' id='block_1_10' title="bbox 1072 1167 1123 1217">
    <p class='ocr_par' dir='ltr' id='par_1_18' title="bbox 1072 1167 1123 1217">
     <span class='ocr_line' id='line_1_43' title="bbox 1072 1167 1123 1217; baseline -0.02 0"><span class='ocrx_word' id='word_1_261' title='bbox 1072 1167 1123 1217; x_wconf 79' lang='grc'><strong>346</strong></span> 
     </span>
    </p>
   </div>
   <div class='ocr_carea' id='block_1_11' title="bbox 1070 1673 1123 1723">
    <p class='ocr_par' dir='ltr' id='par_1_19' title="bbox 1070 1673 1123 1723">
     <span class='ocr_line' id='line_1_44' title="bbox 1070 1673 1123 1723; baseline 0 0"><span class='ocrx_word' id='word_1_262' title='bbox 1070 1673 1123 1723; x_wconf 78' lang='grc'><strong>330</strong></span> 
     </span>
    </p>
   </div>
   <div class='ocr_carea' id='block_1_12' title="bbox 0 0 1280 3917">
    <p class='ocr_par' dir='ltr' id='par_1_20' title="bbox 0 0 1280 3917">
     <span class='ocr_line' id='line_1_45' title="bbox 0 0 1280 3917; baseline 0 3"><span class='ocrx_word' id='word_1_263' title='bbox 0 0 1280 3917; x_wconf 95' lang='lat' dir='ltr'><strong> </strong></span> 
     </span>
    </p>
   </div>
  </div>
 </body>
</html>
