2550 3917
215 193 280 259 384
602 207 745 256 tuocum

217 347 292 410 leuis
309 355 353 409 est
369 366 424 408 nec
439 345 520 408 illum
537 347 648 425 gloriae
663 345 793 408 stimulat
808 347 908 408 decer.

219 440 299 494 errat
313 450 368 511 per
384 432 502 503 orbem,
518 450 579 492 nun
595 441 627 492 ut
643 441 787 510 aequetur
802 432 865 492 loni

219 535 274 578 nee
289 524 322 578 ut
336 536 391 597 per
406 516 496 578 urbes
512 535 635 595 magnus
651 516 796 597 argolicas
812 524 873 583 eat,

218 602 297 680 quod
313 611 391 663 amet
405 603 544 681 requirit,
562 603 711 679 uirginum
727 601 870 661 thalamos
885 603 967 680 petit.

219 687 242 746 si
260 704 315 764 qua
332 694 376 746 est
392 693 496 765 negata
512 689 641 764 rapitur,
657 688 689 745 in
704 685 830 764 populos
845 686 932 755 lurit,

217 778 323 848 nuptas
338 772 432 831 ruinis
448 773 564 849 quaerit
580 779 609 831 et
623 772 727 830 uitium
743 773 881 848 inpotens

218 857 314 915 uirtus
330 863 463 916 uocatur.
495 855 600 915 cecidit
616 853 754 916 Oechalia
770 855 871 916 inclita

216 957 352 1020 unusque
366 939 452 1001 Titan
468 941 540 1000 uidit
555 947 643 1018 atque
658 957 735 999 unus
750 939 812 1000 dies

217 1030 343 1084 stantem
361 1032 390 1084 et
406 1023 570 1086 cadentem.
603 1042 690 1084 causa
707 1022 835 1084 bellandi
851 1029 894 1085 est
910 1041 1003 1085 amor.

217 1111 324 1168 totiens
340 1108 471 1178 timebit,
488 1107 608 1168 Herculi
624 1116 720 1168 natam
737 1125 845 1187 parens

219 1195 354 1268 quotiens
370 1192 502 1272 negabit:
527 1192 620 1254 bustis
636 1200 679 1253 est
695 1197 828 1271 quisquis
843 1211 929 1270 socer

216 1277 282 1336 fieri
296 1287 429 1346 recusat,
447 1280 470 1338 si
487 1295 578 1355 gener
593 1295 653 1337 nen
670 1284 727 1346 est,
744 1278 822 1337 furit.

217 1360 370 1437 posthaec
386 1362 454 1439 quid
471 1364 542 1423 istas
557 1363 699 1422 innocens
714 1379 802 1422 seruc
818 1381 937 1431 manus,

217 1445 312 1506 donee
327 1445 473 1524 furentem
490 1445 608 1507 simulet
623 1464 657 1506 ac
672 1464 760 1506 saeua
776 1464 867 1508 manu

160 1518 170 1534 '
216 1530 350 1590 intendat
364 1549 451 1591 arcus
467 1549 573 1608 meque
589 1538 750 1607 natumque
765 1531 932 1609 opprimat?

216 1615 257 1673 sie
274 1617 414 1692 coniuges
430 1614 548 1692 expellit
563 1613 680 1676 Alcides
695 1633 777 1685 suas,

215 1697 288 1758 baec
305 1707 374 1758 sunt
388 1699 521 1776 repudia.
552 1717 609 1760 nec
624 1707 723 1776 petest
736 1701 807 1760 fieri·
817 1717 944 1761 nocens:

216 1783 304 1844 terris
321 1783 416 1843 uideri
432 1783 595 1844 sceleribus
610 1801 729 1844 causam
745 1787 805 1846 suis

217 1865 287 1927 fecit
302 1885 473 1928 nouercam.
504 1869 573 1947 quid
590 1875 691 1946 stupes
706 1871 805 1946 segnis
820 1870 923 1930 furer?

217 1949 313 2030 scelus
329 1953 534 2030 occupandum
551 1958 604 2013 est.
636 1967 764 2032 perage,
781 1953 852 2014 dum
867 1953 964 2015 feruet
979 1971 1094 2015 manus,

215 2047 317 2095 nuru.
336 2039 464 2114 perimes
480 2038 636 2098 maritum?

215 2132 335 2179 Dnlnn.
663 2121 783 2201 paelicis
798 2130 878 2183 certe
893 2138 986 2184 meae.

216 2217 319 2264 nvun.
338 2211 366 2264 at
381 2205 452 2267 leue
468 2213 609 2267 creatum.

217 2300 338 2349 butan.
661 2309 770 2370 nempe
786 2298 814 2352 et
828 2290 968 2352 Alcmena
984 2300 1089 2354 satum.

216 2385 318 2433 nuru.
336 2372 476 2434 serrone?

216 2468 337 2516 Dnmn.
492 2458 582 2520 ferro.
602 2492 604 2497 ·

216 2554 318 2601 nuru.
608 2545 631 2604 si
648 2543 770 2623 nequis?

216 2637 335 2685 butan.
799 2629 943 2707 perimam
959 2629 1036 2688 delo.

216 2723 319 2769 nvun.
337 2711 402 2788 quis
416 2711 471 2772 iste
487 2710 571 2772 furor
587 2712 648 2773 est?

216 2807 335 2854 Dnmn.
678 2814 765 2874 quem
781 2813 865 2856 meus
885 2799 1013 2857 coniunx
1036 2797 1130 2860 ducet.

216 2941 417 2948 --—--——-

283 3015 333 3064 419
353 3021 415 3078 port
436 3016 488 3064 420
511 3021 612 3078 tranap.
635 3015 712 3068 NHs.
741 3016 828 3065 Vilis
851 3032 903 3066 nee
926 3016 1003 3065 illum
1020 3019 1097 3068 NHs.
1119 3017 1131 3083 Η

216 3083 267 3132 423
285 3081 314 3131 Si
333 3096 387 3145 qua
407 3086 450 3132 est
469 3097 529 3147 neg.
549 3099 570 3132 ω
607 3083 717 3147 capitur
734 3085 759 3133 Α
777 3085 843 3134 Pell.
861 3087 1014 3135 uetustiores
1032 3086 1132 3136 111011

218 3150 266 3212 Gp
285 3151 391 3214 rapitur
408 3152 498 3200 Aind.
513 3165 565 3202 err.
592 3149 640 3214 ecl)
654 3152 722 3200 etin
734 3168 760 3216 p.
775 3151 830 3202 f.R
850 3148 862 3218 ΙΙ
880 3154 932 3203 425
950 3152 1095 3220 cibolium
1116 3153 1129 3219 ΙΙ

216 3218 266 3267 429
285 3219 411 3281 quotiens
430 3233 508 3268 socer
526 3235 547 3268 ω
571 3219 723 3282 quisquis
741 3235 821 3270 socer
838 3220 914 3274 NHc.
932 3223 996 3271 conl.
1016 3222 1097 3275 Herc.
1118 3224 1133 3271 I

216 3301 240 3336 u.
253 3287 320 3334 1174
332 3283 343 3351 b
354 3287 404 3336 430
422 3301 476 3336 non
495 3287 539 3336 fit
557 3287 624 3336 furit
642 3287 717 3335 NHa.
738 3287 806 3336 furit
823 3289 848 3338 Α
861 3289 884 3338 R
895 3291 931 3352 p?
942 3289 1013 3353 Moy.
1032 3289 1133 3354 feritur

218 3351 287 3402 fecit
299 3354 364 3402 Pall.
378 3358 538 3404 uetustiores.
553 3351 564 3420 ΙΙ
575 3356 625 3405 432
645 3355 808 3405 stimuletur
827 3354 996 3421 (lypoqrupbi
1006 3358 1133 3425 sphalma)

217 3434 264 3547 {nn
277 3416 376 3548 mutelli!
395 3423 445 3552 4138
463 3437 547 3487 perge
567 3439 588 3472 ω
606 3438 720 3487 perage
738 3425 839 3488 scripti.
860 3420 871 3489 Η
894 3428 945 3475 440
962 3440 1061 3491 nempe
1081 3426 1132 3479 alc.

230 3500 276 3535 om.
297 3502 310 3535 e
