2550 3917
535 202 685 250 ouun‘vs

153 342 292 404 caerulea
309 340 399 402 lului's
413 343 503 401 mixta
519 341 671 402 aberrauit
687 343 777 412 nutis,

153 429 317 506 sanguinea
334 444 456 495 rursus,
473 425 577 488 ultima
593 428 621 485 in
637 425 777 487 tenebras
793 426 863 488 abit.

116 511 151 570 e''
200 513 257 572 Sed
274 523 345 572 ecce
359 528 478 590 pugnax
494 513 594 588 ignis
608 513 641 570 in
657 518 755 588 partes
771 511 844 571 duas

152 597 281 657 discedit
296 603 325 656 et
341 613 372 655 se
388 595 497 655 scindit
511 597 598 655 unius
613 597 690 655 sacri

152 682 268 742 discors
284 680 394 741 lauilla.
425 682 542 758 genitor
559 680 702 740 horresco
718 682 855 741 intuens:

151 764 242 827 libata
259 764 369 825 Bacchi
385 765 462 824 dona
477 770 628 842 permutat
644 782 733 824 cruor

152 849 307 928 ambitque
322 848 432 910 densus
446 850 562 926 regium
578 850 677 909 lumus
693 855 783 928 caput

152 937 296 1013 ipsosque
311 935 391 993 circa
407 936 530 1010 spissior
546 932 646 993 uultus
661 933 754 994 sedet.
794 963 799 974 ·

153 1019 202 1100 [ct
216 1021 294 1079 nube
308 1020 403 1079 denso
417 1021 576 1080 sordidum
591 1022 687 1079 lucem
703 1016 846 1098 obdidit]

113 1097 133 1145 ἃ
198 1101 273 1172 Quid
289 1105 342 1172 sit,
358 1121 467 1180 parens
483 1103 582 1162 ellare.
651 1126 654 1132 ¹

152 1201 223 1247 Tm.
625 1187 694 1265 quid
712 1188 768 1248 lari
783 1205 888 1263 queam

152 1275 232 1332 iuter
247 1269 394 1331 tumultus
410 1273 516 1331 mentis
531 1274 673 1331 attonitae
689 1273 801 1348 uagus?

152 1356 296 1433 quidnam
313 1354 438 1434 loquar?
461 1365 531 1415 sunt
546 1356 609 1415 dira
625 1356 678 1416 sed
695 1358 723 1414 in
740 1354 798 1416 alto
815 1355 899 1417 mala.

152 1439 229 1501 solet
243 1443 288 1501 ira
307 1441 397 1500 certis
412 1441 566 1500 numinum
583 1441 698 1500 ostendi
715 1442 801 1500 nutis.

152 1525 224 1602 quid
240 1525 319 1596 istud
337 1531 382 1585 est
399 1525 478 1603 quod
495 1543 560 1585 esse
575 1523 721 1601 prolatum
740 1524 844 1585 uolunt

153 1613 323 1686 iterumque
338 1607 442 1680 nolunt
457 1602 487 1668 et
501 1617 601 1669 truces
615 1611 677 1668 iras
692 1611 813 1685 tegunt?

116 1695 143 1754 d‘
198 1694 294 1754 Pudet
309 1694 381 1754 deos
397 1694 496 1754 nescio
511 1694 591 1772 quid.
624 1694 684 1753 huc
699 1711 827 1771 propere
843 1694 969 1754 admone

152 1785 185 1839 et
198 1796 306 1857 sparge
320 1777 397 1852 salsa
414 1777 489 1838 colla
504 1786 658 1838 taurorum
674 1777 762 1837 mola.

151 1861 312 1942 placidone
327 1862 410 1922 uultu
426 1881 511 1923 sacra
528 1870 557 1923 et
572 1862 706 1922 admotas
721 1880 826 1923 manus

151 1949 325 2025 patiuntur?

151 2045 238 2091 ΜΛΝ.
348 2030 438 2090 altum
454 2039 557 2091 taurus
573 2029 709 2091 attollens
725 2038 814 2109 caput

151 2118 266 2194 primos
282 2115 319 2175 ad
335 2123 419 2176 ortus
434 2117 547 2192 positus
559 2118 679 2193 expauit
695 2115 772 2175 diem

151 2201 348 2279 trepidusque
364 2199 479 2260 uultum
496 2198 627 2276 obliquat
643 2210 672 2260 et
687 2199 785 2259 radius
801 2200 884 2276 lugil.

116 2314 131 2346 e
196 2299 265 2344 riu.
289 2283 391 2344 Vnone
406 2293 517 2344 terram
534 2282 658 2344 uulnere
674 2283 782 2345 adllicti
797 2285 919 2362 petunti

152 2383 238 2429 mnu.
265 2371 390 2429 iuuenca
406 2368 485 2428 lerro
502 2374 595 2428 semet
609 2368 737 2446 inposito
755 2369 847 2429 induit

152 2463 182 2514 et
197 2452 324 2513 uulnere
340 2471 399 2513 uno
416 2451 537 2521 cecidit,
553 2461 583 2512 at
597 2461 700 2513 taurus
716 2453 790 2512 duos

150 2555 314 2618 perpessus
329 2539 405 2597 ictus
419 2537 479 2597 huc
494 2545 524 2597 et
539 2538 598 2598 huc
614 2536 721 2597 dubius
737 2538 797 2596 ruit

152 2624 342 2701 animamque
358 2622 452 2682 lessus
468 2623 516 2682 uix
532 2621 726 2682 reluctantem
745 2623 889 2698 exprimit.

114 2717 133 2765 d
195 2719 265 2765 unc.
289 2708 391 2766 Vtrum
408 2709 513 2786 citatus
529 2705 654 2766 uulnere
670 2713 795 2783 angusto
811 2709 898 2766 micat

151 2808 189 2850 au
206 2789 303 2850 lentus
318 2788 391 2850 altas
406 2792 516 2865 inrigat
530 2789 631 2868 plagas
646 2793 754 2850 cruor?

151 2889 237 2934 unu.
262 2874 348 2934 huius
363 2891 417 2950 per
432 2876 526 2951 ipsam
543 2892 600 2952 qua
616 2881 697 2952 patet
713 2881 816 2952 pectus
832 2875 909 2934 uiam

152 2959 263 3018 eliusus
279 2960 390 3026 amnis,
407 2958 494 3018 huius
510 2960 616 3035 exiguo
633 2977 741 3036 graues

219 3215 270 3262 324
287 3211 388 3261 ultima
400 3211 425 3260 u
442 3210 569 3260 ultimum
583 3211 606 3259 Α
619 3208 692 3276 {1331
712 3213 797 3260 densa
810 3230 831 3262 ω
850 3218 936 3260 teneo
955 3211 983 3262 0.
997 3212 1067 3260 Bor·

150 3281 223 3329 ttius.
242 3293 342 3329 uersum
360 3280 443 3328 deleui
457 3275 470 3343 Η
486 3281 535 3330 333
554 3294 644 3342 uagus
663 3279 687 3326 E
705 3293 792 3343 uagos
811 3280 840 3346 ΑΙ
854 3275 866 3343 Η
883 3281 931 3329 337
950 3279 1006 3329 ires
1026 3281 1068 3330 eli

151 3362 216 3397 arus
234 3349 259 3396 A
282 3342 295 3411 ΙΙ
319 3347 369 3396 338
387 3361 473 3410 prope
490 3346 530 3395 nu
544 3346 565 3396 d
581 3347 607 3395 V
609 3343 620 3376 ²
644 3343 655 3412 ll
679 3348 728 3395 343
747 3346 851 3395 uultum
870 3346 936 3396 solis
955 3351 984 3396 et
1001 3347 1068 3396 nnn

149 3415 256 3464 uultum
275 3412 404 3476 obliquet
422 3416 451 3462 et
469 3414 493 3462 Α
518 3411 530 3475 ΙΙ
552 3415 602 3464 346
620 3415 750 3478 imposito
768 3413 793 3463 E
803 3413 843 3463 Μ
856 3415 964 3478 Voccur
983 3431 1067 3480 oppo-

150 3483 203 3534 sito
222 3483 248 3532 A
268 3482 396 3546 opposita
416 3476 460 3547 ΒΗ
472 3483 520 3531 361
539 3481 620 3530 huius
638 3483 691 3545 Εψ
711 3483 790 3531 uiuus
808 3482 833 3530 A
858 3478 869 3547 ll

800 3563 862 3626 13*
