2550 3917
196 176 237 239 76
473 192 504 239 c.
521 192 655 254 aunam
672 190 828 241 sennenn

193 336 333 408 tutusque
349 348 451 391 mensa
467 333 583 409 capitur
597 339 722 409 angusta
738 330 831 392 cibus.
896 340 900 356 ’·

192 432 343 476 uenenum
359 416 389 476 iu
403 434 477 476 auro
492 415 613 477 bibitur.
644 422 784 493 expertus
798 414 920 494 loquor:
1085 432 1217 476 r.cxxvr

192 497 299 559 malam
314 499 411 560 bonae
425 500 579 580 praeferre
595 500 744 561 loctunam
761 500 838 561 licet.

158 586 182 645 ὅ
236 584 262 643 N
269 602 314 643 on
329 587 441 646 uertice
456 584 507 645 alti
521 586 630 645 montis
644 586 802 664 inpositam
816 585 939 645 domum
1125 591 1178 641 455

193 675 223 728 et
238 669 416 729 eminentem
432 670 535 730 ciuitas
548 669 671 731 humilis
687 671 794 736 tremit,

192 770 259 812 neo
273 752 367 831 fulget
381 751 446 815 altis
461 753 648 832 splendidum
662 754 749 815 tectis
765 752 849 822 ebur,

192 854 371 917 somnosque
385 856 458 899 non
473 838 606 899 defendit
621 837 778 899 excubitor
793 856 888 899 meos,

192 938 264 980 non
279 920 422 983 classibus
436 924 587 1001 piscamur
602 931 634 983 et
646 930 728 983 retro
744 940 826 984 mare

192 1006 269 1065 iacta
283 1006 421 1084 fugamus
436 1006 514 1068 mole
530 1026 595 1069 nec
610 1015 747 1068 uentrem
762 1006 933 1085 improbum
1124 1014 1179 1065 460

193 1087 298 1150 alimus
311 1091 424 1152 tributo
440 1094 588 1170 gentium:
605 1090 732 1153 nullus
747 1091 820 1151 mihi

192 1173 268 1234 ultra
285 1176 373 1237 Getas
388 1185 518 1237 metatur
532 1184 561 1237 et
574 1177 701 1238 Parthos
716 1192 796 1253 ager.

153 1259 186 1317 o''
236 1259 313 1319 Non
328 1268 395 1321 ture
411 1260 536 1322 colimur
551 1278 619 1322 nec
634 1280 719 1321 meae
735 1258 855 1321 excluso
871 1258 941 1322 loue

193 1352 337 1405 ornantur
352 1364 438 1414 urae,
455 1345 556 1407 nulla
572 1344 750 1407 culminibus
765 1346 840 1406 meis

191 1429 319 1505 inposita
335 1436 420 1490 nutat
434 1429 528 1501 silua,
541 1448 610 1491 nec
624 1431 740 1491 fumant
755 1447 845 1491 manu

166 1539 167 1543 ¹
191 1529 334 1573 succensa
350 1502 442 1575 multi
457 1522 575 1593 stagna,
592 1533 659 1575 nec
681 1532 785 1575 somno
803 1514 865 1575 dies

112 1617 114 1620 ·
191 1595 364 1677 bacchoque
379 1616 438 1660 nox
455 1600 602 1677 iungenda
618 1598 756 1678 peruigili
772 1600 873 1660 datur:

191 1681 242 1740 sed
259 1699 319 1741 non
334 1684 482 1754 timemur,
499 1679 561 1745 tuta
577 1686 640 1744 sine
655 1682 715 1747 telo
730 1691 774 1744 est
789 1683 895 1743 domus

191 1764 341 1843 rebusque
356 1770 457 1845 paruis
474 1767 531 1829 alta
545 1776 714 1847 praestatur
729 1769 823 1845 quies

190 1850 309 1910 inmane
324 1870 450 1930 regnum
469 1862 513 1915 est
527 1872 616 1932 posse
631 1854 695 1915 sine
710 1867 805 1927 regno
820 1852 891 1929 pati.
1124 1860 1180 1911 470

156 1932 182 1992 d‘
237 1949 341 1996 runo.
364 1936 427 1997 Nec
440 1938 630 1999 abnuendum
647 1944 704 2005 est,
721 1936 745 1996 si
761 1933 982 2013 datimperium
998 1935 1082 1997 deus.

190 2031 273 2079 rnr.
302 2038 358 2081 nec
373 2022 571 2100 adpetendum
589 2029 642 2083 est.
1086 2100 1090 2107 .

190 2115 293 2162 rtur.
674 2106 792 2165 frater
809 2112 841 2163 ut
857 2120 963 2180 regnes
979 2112 1073 2180 rogat.

189 2200 270 2247 rHr.
294 2190 397 2266 rogat?
412 2191 575 2252 timendum
592 2197 646 2250 est.
670 2194 750 2248 errat
764 2188 814 2249 bic
829 2187 934 2266 aliquis
950 2188 1045 2249 dolus.

189 2285 291 2331 raum
316 2274 415 2334 redire
430 2277 525 2355 pietas
540 2273 620 2335 unde
635 2281 783 2334 summota
798 2281 842 2335 cst
857 2272 940 2341 solet,
1010 2265 1026 2313 ⁸

189 2362 368 2437 reparatque
383 2361 464 2419 uires
478 2360 571 2419 iustus
587 2358 710 2417 amissas
725 2376 818 2419 amor.
1121 2366 1178 2416 475

150 2439 176 2497 ι’
230 2454 311 2501 rflr.
340 2444 426 2503 Amat
441 2443 587 2521 Thyesten
604 2442 713 2502 frater?
730 2445 883 2504 aethereas
898 2441 981 2521 prius

125 2543 127 2546 ·
188 2524 347 2602 perfundet
360 2528 467 2587 Arctos
482 2533 591 2603 pontus
606 2535 635 2587 et
650 2528 734 2587 siculi
749 2536 842 2608 rapax

189 2612 332 2670 consistet
348 2614 448 2671 aestus
463 2611 541 2671 unda
558 2618 588 2671 et
602 2612 682 2673 ionio
698 2630 783 2689 seges

188 2702 302 2755 matura
319 2695 424 2774 pelago
440 2703 544 2772 surget
558 2702 588 2755 et
602 2695 699 2757 lucem
715 2697 796 2757 dabit

187 2796 246 2838 nox
262 2786 324 2839 atra
341 2779 444 2850 terris,
460 2787 528 2839 ante
544 2799 610 2841 cum
626 2781 754 2841 flammis
769 2799 861 2861 aquae
916 2812 919 2818 ·

187 2881 256 2923 cum
271 2870 367 2923 morte
383 2865 443 2923 uita
460 2882 528 2925 cum
543 2868 621 2926 mari
634 2874 742 2945 uentus
759 2867 846 2927 fidem

252 3133 303 3181 452
325 3136 454 3198 totusque
471 3134 497 3183 E
519 3138 649 3199 tutusque
668 3137 693 3186 A
721 3132 732 3203 ll
762 3139 976 3203 augustensibus
994 3140 1020 3189 E
1043 3138 1102 3204 (litt.

185 3199 405 3265 stecisa2m.)
426 3198 438 3267 ll
460 3204 512 3252 466
528 3204 621 3253 nonA
638 3204 753 3255 neolt'R
775 3202 787 3271 ΙΙ
809 3207 859 3257 462
877 3208 1027 3257 metiturA
1045 3223 1102 3255 me-

185 3270 261 3315 tatur
279 3267 333 3317 enm
350 3286 391 3319 uu.
405 3285 440 3319 ex
451 3271 518 3320 Pau.
530 3272 554 3321 R
576 3268 589 3336 ΙΙ
616 3272 667 3322 467
685 3272 811 3323 ducenda
823 3275 849 3323 A
872 3274 1012 3339 iungenda
1030 3274 1055 3323 E
1079 3270 1091 3339 ΙΙ

184 3335 235 3383 468
253 3334 380 3387 timemus
399 3353 418 3387 α
445 3338 573 3388 timemur
590 3338 641 3389 En
675 3335 688 3406 Η
721 3342 770 3390 471
791 3344 834 3391 est
852 3354 865 3391 ε
883 3342 968 3391 om.A
1003 3338 1015 3407 {l
1051 3343 1102 3392 472

184 3401 266 3451 THY.
279 3404 306 3453 A
323 3420 371 3457 om.
386 3404 412 3453 E
439 3402 452 3471 ss
479 3406 561 3456 estE
576 3423 623 3458 om.
638 3408 663 3457 A
691 3404 703 3473 ll
726 3408 799 3471 ·Phy.
819 3407 946 3458 frulerA
963 3408 1032 3473 Pby.
1054 3426 1100 3461 om.

183 3468 209 3515 E
236 3465 250 3536 ΙΙ
278 3472 397 3524 ΤΑΝΤ.
416 3474 504 3525 frater
520 3476 616 3539 scripsi
636 3470 649 3540 Η
