2550 3917
440 183 803 271 uuncvuus·[rvuuus]

162 357 229 399 cum
244 334 338 399 semel
353 339 450 406 uenit,
467 339 575 415 poterit
589 340 711 399 reuerti.
777 354 785 377 ’

162 424 231 503 quid
245 424 329 485 iuuat
344 422 443 483 dirum
459 440 623 502 properare
638 423 748 484 iatum?

125 600 152 658 e'
206 591 309 652 Omnis
324 592 402 653 haec
416 594 531 675 magnis
545 610 620 670 uaga
636 592 723 653 turba
739 594 828 655 terris

161 675 216 736 ibit
231 677 268 736 ad
283 694 387 739 manes
402 677 548 754 facietque
563 678 651 737 inerti

161 760 229 821 uela
245 762 365 841 Cocyto.
395 761 447 821 tihi
463 762 570 822 crescit
584 780 682 831 omne,

161 854 192 907 et
207 844 287 925 quod
304 864 426 906 occasus
440 846 522 907 uidet
537 853 567 906 et
581 846 661 924 quod
677 855 773 908 ortus:
856 888 859 893 -

121 1015 149 1074 d'
205 1014 300 1075 Parce
314 1015 458 1076 uenturis.
490 1015 543 1077 tibi
558 1033 640 1076 mors
654 1032 804 1093 paramur.

159 1100 205 1159 sic
221 1098 292 1159 licet
307 1102 421 1178 segnis,
438 1117 634 1179 properamus
650 1102 716 1179 ipsi.

158 1185 257 1263 prima
273 1201 350 1262 quae
364 1187 455 1247 uitam
472 1184 551 1247 dedit
565 1186 655 1254 hora,
672 1186 775 1264 carpit.

117 1378 142 1428 ft
334 1370 445 1431 Thebis
459 1370 534 1431 laeta
551 1370 614 1432 dies
629 1371 721 1433 adest.

137 1490 143 1499 ·
290 1472 358 1515 aras
372 1456 483 1532 tangite
498 1455 659 1535 supplices

288 1540 414 1617 pingues
429 1539 542 1600 caedite
556 1543 702 1601 uictimas

289 1624 453 1702 permixtae
468 1624 600 1685 maribus
615 1642 710 1685 nurus

290 1706 439 1768 solemnes
454 1711 566 1787 agitent
580 1709 698 1772 choros

290 1800 408 1853 cessent
423 1792 557 1871 deposito
572 1796 642 1871 iugo

290 1879 356 1937 arui
372 1876 476 1937 fertilis
490 1879 614 1939 incolae.

332 2045 394 2107 Pax
409 2055 454 2106 est
468 2046 609 2107 herculea
625 2066 714 2108 manu

222 2132 226 2137 ’
289 2130 435 2191 Auroram
450 2132 527 2191 iuter
544 2139 573 2191 et
587 2131 754 2209 Hesperum

291 2223 392 2292 etqua
408 2214 453 2276 sol
468 2215 597 2277 medium
614 2226 718 2277 teneus

289 2300 411 2360 umbras
426 2299 604 2379 corporibus
618 2309 715 2379 negat.

290 2383 499 2462 quodcumque
515 2384 645 2445 adluitur
661 2385 755 2447 solum

221 2540 229 2557 ·
290 2468 379 2546 longo
395 2469 523 2548 Tethyos
539 2469 660 2540 ambitu,

289 2550 408 2613 Alcidae
424 2554 537 2615 domuit
552 2553 648 2615 labor.

331 2721 532 2784 Transuectus
549 2724 623 2784 uada
640 2723 765 2795 Tartari,

289 2808 400 2883 pacatis
414 2808 493 2868 redit
507 2806 619 2868 inieris.

227 2994 279 3043 870
303 2994 393 3057 potuit
410 3009 432 3043 ro
460 2995 577 3057 poterit
594 2993 645 3047 Bo.
679 2990 690 3059 ΙΙ
718 2996 766 3045 871
791 2994 878 3045 dirum
906 2996 958 3047 VT
982 2996 1078 3047 durum

155 3060 200 3111 εΑ
260 3062 311 3111 874
330 3064 436 3111 crescat
453 3060 478 3110 E
501 3057 513 3124 ΙΙ
535 3064 586 3113 876
604 3067 632 3112 et
645 3062 696 3111 tibi
712 3064 741 3112 V
752 3059 764 3128 h
788 3078 915 3127 paramus
933 3066 960 3115 V
968 3072 995 3114 ut
1007 3068 1076 3116 uide·

155 3136 202 3177 tur
260 3127 325 3178 ursi
337 3136 363 3178 et
379 3130 442 3179 877·
454 3136 514 3192 poet
531 3132 594 3181 874⁸
610 3132 811 3193 interponendos
826 3140 903 3195 putot
919 3131 1037 3185 Bucam.
1055 3130 1068 3198 [l

155 3197 209 3247 878
227 3196 321 3261 carpit
337 3195 387 3261 Εφ
416 3196 585 3262 carpsitAep
613 3194 625 3263 ΙΙ
655 3196 801 3249 OHORVS
819 3198 868 3250 ER
885 3202 995 3264 om.‹pA
1030 3201 1077 3251 Te·

155 3266 294 3313 reatinum
310 3264 421 3315 Maurus
437 3282 463 3315 u.
480 3267 549 3314 2672
568 3266 750 3329 „Exemplum
769 3270 797 3315 et
815 3266 936 3317 Senecae
956 3267 1042 3318 dubo:
1060 3272 1062 3326 l

155 3331 264 3382 Thebis
284 3356 313 3370 ·-
332 3330 493 3382 uictimas.“
531 3329 543 3397 ΙΙ
580 3335 630 3384 879
652 3333 820 3383 Terentianus
838 3351 862 3383 u.
885 3338 953 3384 2780
982 3332 993 3399 h
1028 3338 1078 3385 880

157 3414 237 3448 arum
253 3399 423 3450 Terentianus
444 3396 456 3467 h
485 3399 534 3451 882
551 3402 686 3451 matribus
704 3400 729 3449 E
758 3397 769 3467 ΙΙ
798 3404 848 3453 890
867 3402 981 3451 alluitur
998 3401 1077 3465 EVu

158 3466 284 3516 abluitur
301 3468 327 3516 Α
352 3464 365 3531 ll
