2550 3917
173 209 238 273 248
457 224 488 270 u.
506 222 637 271 Auuour
653 222 810 270 seuuemo

173 366 319 424 uiuamus,
350 364 408 423 heu
425 380 472 423 me
488 364 537 440 qui
554 362 636 423 iocus
650 361 726 421 fidus
741 380 809 422 meo

174 450 232 509 erit
246 448 345 507 timori
361 465 457 525 queue
472 454 501 507 te
517 446 587 507 sede
601 444 754 506 occuiomi

140 539 158 589 d
219 535 278 593 Arx
295 531 342 591 ilic
359 530 472 609 pollens
488 530 594 607 opibus
609 536 638 589 et
648 531 746 590 ‚muris
761 529 849 591 deum

176 624 281 695 gentes
296 634 349 693 per
365 632 468 675 omnes
484 615 562 675 clara
580 620 608 674 et
622 615 751 674 inuidiae
767 616 867 692 grauis

173 718 252 761 nuuc
268 699 364 778 puluis
380 698 470 771 uitus,
486 708 577 759 strata
592 706 661 759 sunt
675 698 794 760 ilomma
808 700 921 768 omnia,

174 793 372 863 superestque
388 792 468 844 ueste
485 802 520 843 ex
537 782 612 843 urhe
628 801 666 843 ne
682 792 793 843 tautum
809 782 927 861 quidem

173 886 232 946 quo
249 868 335 929 lateat
350 868 455 928 intans.
486 886 589 945 quem
605 866 725 928 iocum
741 867 865 928 fraudi
879 866 991 945 legem?

140 978 154 1011 e
216 953 268 1013 Est
283 952 413 1013 tumulus
427 954 533 1030 ingens
548 952 682 1029 coniugis
697 953 759 1012 ceri
774 958 874 1019 secet,

178 1036 329 1099 uerendus
345 1037 423 1096 hosti
438 1034 517 1096 mole
532 1054 621 1113 quem
636 1038 771 1097 inmensa
788 1054 896 1113 parens

173 1120 341 1200 opibusque
357 1123 472 1198 magnis
488 1122 596 1181 struxit
609 1121 641 1180 iu
657 1120 753 1180 luctus
768 1137 837 1181 suus

173 1224 226 1266 rex
242 1223 301 1264 uon
318 1222 440 1266 auarus:
464 1212 585 1283 optume
600 1204 720 1265 credam
735 1206 822 1282 petri.
838 1238 880 1249 -

172 1291 264 1350 sudor
281 1307 334 1368 per
350 1296 431 1349 artus
446 1288 570 1365 frigidus
584 1296 662 1349 totos
677 1289 769 1349 cadit:

172 1392 261 1434 omen
276 1381 422 1434 tremesco
439 1371 661 1434 miserederelis
675 1372 742 1432 ioci.

110 1502 113 1511 ,
138 1466 151 1514 f
216 1470 291 1518 seu.
315 1458 394 1519 Haec
410 1475 495 1518 cause
513 1456 620 1518 multos
636 1475 694 1517 uua
709 1455 746 1517 ab
763 1458 881 1517 interitu
898 1457 992 1516 arcuit

173 1541 255 1603 credi
270 1544 392 1618 perisse.

172 1628 270 1687 Andr.
433 1628 482 1684 uix
499 1627 564 1703 spei
579 1627 737 1704 quiequam
753 1634 918 1705 estsuper:

174 1729 265 1788 graue
282 1710 397 1786 pontius
413 1708 493 1769 iilum
510 1727 615 1787 magua
633 1707 770 1770 nobilitas
785 1711 902 1787 premit.
986 1721 989 1727 “

173 1807 248 1855 seu.
274 1812 311 1853 ue
326 1793 432 1871 prodat
447 1793 566 1871 uliquis,
584 1812 688 1853 omoue
704 1802 794 1855 testes
809 1793 876 1854 dcii.

172 1892 279 1938 Auum
305 1879 334 1939 Si
350 1880 465 1958 quaerit
479 1877 590 1938 hostis?
893 1886 897 1893 '

173 1976 248 2023 stem.
327 1976 329 1979 ·
616 1962 691 2022 urbe
706 1963 735 2021 in
753 1982 858 2023 euersa
873 1964 959 2039 perit.

172 2060 278 2107 ANDR.
302 2048 371 2125 quid
389 2046 522 2124 proderit
537 2046 658 2107 latuisse
673 2048 805 2107 redituro
821 2048 850 2106 in
866 2047 989 2107 marrus?

173 2146 248 2193 sert.
274 2132 369 2191 uictor
386 2132 501 2191 feroces
517 2133 644 2210 impetus
658 2133 771 2208 primos
786 2130 884 2191 hebet.

172 2230 279 2276 trinu.
304 2216 372 2295 quid
389 2216 468 2293 quud
484 2215 576 2276 latere
591 2216 655 2276 sine
671 2223 751 2277 metu
767 2233 874 2294 magno
889 2216 1010 2292 nequit?

173 2314 247 2361 suu.
273 2301 363 2360 miser
379 2308 504 2379 occupet
519 2300 680 2377 praesidio,
698 2318 822 2361 securus
836 2298 924 2377 leget.

136 2382 164 2440 d'
217 2397 323 2444 rupit.
349 2384 438 2455 Quis
455 2392 482 2443 te
498 2383 604 2445 iocus
619 2404 696 2463 quae
711 2386 794 2461 regio
810 2384 929 2444 seducte
946 2385 1023 2445 inuia

172 2477 235 2530 tuto
250 2468 393 2545 reponet?
415 2470 480 2544 quis
496 2469 573 2529 ieret
588 2468 710 2547 trepidis
725 2469 831 2547 opem?

173 2555 238 2629 quis
254 2552 406 2630 proteget?
428 2554 479 2631 qui
495 2571 614 2631 semper
630 2556 717 2613 etiam
733 2570 812 2613 nunc
827 2561 894 2612 tuus
984 2590 992 2603 ι

171 2637 282 2697 Hector
297 2644 396 2703 tuere,
420 2638 554 2713 coniugis
569 2639 710 2698 turtum
728 2639 793 2714 pice

172 2739 258 2782 serua
275 2729 305 2782 et
319 2719 398 2781 tirieii
413 2722 514 2781 cinere
529 2724 677 2784 uicturum
694 2724 806 2799 excipe.

239 2958 289 3006 485
308 2956 354 3020 qui
372 2956 397 3003 Ε
416 2958 478 3019 quis
497 2959 521 3005 Α
539 2953 551 3021 Η
571 2960 621 3007 488
640 2956 733 3021 grauis
751 2957 776 3004 Ε
795 2972 882 3021 capax
901 2958 926 3006 Α
943 2954 955 3023 ΙΙ
975 2960 1026 3008 498
1045 2974 1086 3007 er·

172 3025 231 3087 guit
249 3032 272 3088 ψ
289 3020 301 3089 Η
317 3025 368 3073 499
388 3024 476 3072 credit
494 3024 517 3071 Ε
534 3022 546 3089 Η
562 3024 671 3074 ANDR.
691 3040 738 3074 om.
757 3024 808 3073 ΕΑ
827 3027 928 3075 addidit
944 3026 1088 3089 Rapielen-

169 3093 236 3155 pius.
261 3090 282 3155 (‘
290 3092 453 3141 Florentium
471 3098 561 3140 totum:
580 3092 621 3141 Ne
640 3092 740 3155 prodet
758 3092 874 3155 uliquis,
894 3108 989 3142 remoue
1008 3091 1088 3141 Seni

173 3158 268 3216 imbuit,
281 3160 308 3208 in
318 3158 452 3222 prioribus
464 3158 606 3209 Androm
614 3159 721 3208 echee
733 3161 855 3225 relinquit
872 3160 924 3208 Vix
937 3160 998 3223 spei
1010 3160 1087 3224 quid-

172 3240 254 3289 quem
274 3231 428 3291 estsuper,
450 3225 529 3276 Seni
547 3228 661 3291 assipnat
679 3226 773 3277 Graue
791 3227 917 3292 pondus?
945 3228 1090 3277 Gronouius

168 3310 261 3356 panim
278 3292 373 3358 recte.)
403 3288 414 3357 Η
443 3295 492 3343 500
511 3294 593 3343 AND.
612 3294 638 3341 Ε
656 3310 701 3343 om.
723 3295 747 3342 A
771 3292 782 3359 Η
805 3297 854 3345 uel
873 3294 949 3345 SEN.
968 3295 1009 3345 Ne
1028 3311 1088 3359 pro-

172 3360 221 3408 det
244 3360 344 3423 uliquis
365 3359 369 3421 1
389 3359 492 3409 Amoue
509 3365 597 3409 testes
615 3362 672 3411 doii
694 3362 718 3411 Ε
748 3364 778 3411 Α.
800 3363 841 3412 Nc
859 3362 958 3427 prodet
975 3362 1088 3425 uliquis.

173 3425 217 3475 Se.
238 3441 335 3540 em01131e
354 3432 441 3558 tffms
459 3426 524 3475 doli.
546 3428 569 3475 A
591 3424 603 3492 Η
622 3430 672 3477 606
691 3430 792 3478 Misero
811 3425 858 3495 uss
878 3432 928 3480 510
946 3430 1048 3478 turtum
1065 3444 1089 3478 ω

171 3497 272 3542 sortem
317 3509 339 3542 o.
