2550 3917
196 173 239 238 36
480 190 510 237 u.
529 189 662 237 nunaut
679 188 836 237 suuucau

157 340 183 397 b'
240 329 407 400 Quantus
428 328 538 388 incedit
552 327 680 406 populus
696 346 749 406 per
765 327 855 389 urbes

96 447 98 457 ·
197 413 233 473 ad
250 414 320 473 noui
335 412 421 473 ludos
436 413 540 478 auidus
555 413 683 473 theatri:

197 497 320 578 qualis
337 496 434 558 eleum
449 499 510 559 ruit
524 497 560 558 ad
576 505 737 567 tonantem,

197 584 298 661 quinta
314 600 382 643 eum
397 600 515 643 sacrum
531 584 687 643 reuocauit
702 589 805 644 aestas.
816 640 829 662 ‚

163 783 177 814 e
239 752 399 823 Quanta,
422 769 488 813 eum
505 751 611 829 longae
626 752 705 811 redit
720 752 793 811 hora
810 752 889 812 noeti

197 854 333 897 crescere
349 844 379 897 et
393 854 514 897 somnos
529 837 652 915 cupiens
667 838 782 915 quietus

196 920 271 981 libra
287 920 438 999 phoebeos
453 929 536 981 tenet
551 939 644 1000 aequa
661 938 776 991 currus

196 1006 310 1066 turba
331 1013 476 1066 secretam
493 1005 640 1067 Cererem
651 1005 820 1085 frequentat
885 1068 891 1075 .

197 1097 227 1151 et
241 1092 289 1151 citi
306 1092 391 1150 tectis
406 1098 571 1169 properant
585 1089 697 1151 relictis

198 1176 278 1235 attici
294 1183 412 1257 noctem
429 1174 584 1236 celebrare
599 1182 728 1253 mystae:

162 1352 185 1408 α’
233 1344 348 1403 Tanta
371 1361 425 1422 per
441 1360 563 1421 campos
578 1345 675 1418 agitur
689 1342 810 1409 silentes

197 1428 315 1488 turba.
348 1446 418 1507 pars
433 1428 516 1488 tarda
532 1428 665 1505 graditur
681 1435 808 1495 senecta,

202 1508 307 1597 [tristis
321 1522 350 1572 et
363 1517 458 1588 tenea
472 1517 584 1574 satiata
599 1508 678 1595 uita]

197 1615 267 1674 pars
283 1596 379 1657 adhue
395 1599 488 1657 currit
503 1597 634 1657 melioris
650 1599 725 1666 aeui,

199 1681 331 1758 uirgines
345 1681 478 1741 nondum
495 1680 631 1741 thalamis
647 1683 763 1757 iugatae

199 1771 229 1826 et
244 1767 338 1827 comis
354 1765 485 1826 nondum
503 1766 605 1841 positis
621 1764 729 1843 ephebi

198 1851 300 1926 matris
317 1857 345 1910 et
360 1867 469 1911 uomen
486 1850 572 1909 modo
589 1850 694 1909 doetus
708 1849 814 1910 intans.

157 2026 189 2083 e'‘
244 2017 298 2079 His
313 2018 413 2079 datum
428 2017 512 2102 sohs,
529 2019 626 2078 minus
641 2026 674 2077 ut
688 2019 826 2079 timerent

195 2104 264 2181 igne
280 2102 411 2181 praelato
427 2102 561 2163 releuare
577 2112 705 2164 noctem.

196 2188 285 2247 ceteri
301 2187 413 2247 uadunt
427 2205 482 2265 per
498 2205 590 2265 opaca
605 2189 713 2255 tristes,

195 2271 288 2352 qualis
303 2279 348 2331 est
363 2271 449 2330 nobis
464 2274 596 2340 animus,
614 2280 727 2347 remota

195 2355 261 2416 hree
278 2374 345 2415 eum
362 2363 491 2416 maestus
506 2355 562 2415 sibi
577 2358 704 2436 quisque
719 2357 810 2417 sensit

196 2439 336 2500 obrutum
359 2446 418 2499 tota
435 2447 522 2518 eaput
538 2459 603 2502 esse
616 2448 707 2501 terra.
815 2464 821 2475 ·

161 2622 178 2670 d
239 2609 302 2669 Stat
317 2607 406 2668 cbaos
422 2609 545 2670 densum
563 2609 763 2689 tenebraeque
779 2616 881 2689 turpes

196 2703 225 2753 et
243 2692 324 2753 color
341 2696 436 2753 noetis
452 2693 547 2754 malus
561 2713 597 2755 ac
612 2694 725 2755 silentis

196 2779 288 2838 otium
305 2780 407 2838 muudi
422 2797 594 2858 uacuaeque
610 2779 713 2840 nubes.

161 2961 176 2992 e
238 2931 311 2991 Sera
328 2949 382 2991 nos
397 2930 447 2990 illo
462 2931 573 2992 referat
588 2938 734 2992 senectus.

196 3032 283 3074 nemo
299 3016 335 3075 ad
351 3016 380 3076 id
396 3034 464 3077 sero
481 3018 564 3077 uenit
579 3014 658 3076 uude
674 3032 844 3092 numquam,

262 3184 313 3233 844
330 3185 385 3233 ruit
396 3184 474 3246 EVeh
494 3185 579 3234 currit
590 3148 619 3248 ψ’
633 3183 725 3233 coitA
747 3180 759 3249 ΙΙ
781 3184 831 3234 846
848 3182 930 3248 longe
943 3185 968 3233 Α
985 3180 997 3250 ΙΙ
1020 3185 1111 3234 noetis

195 3251 219 3300 A
249 3246 261 3317 [Ι
289 3253 340 3301 848
362 3250 477 3300 thebeos
500 3252 526 3300 Ε
565 3247 577 3318 [l
617 3252 668 3301 850
691 3252 738 3302 siti
760 3248 794 3301 V¹
826 3252 889 3301 seiti
907 3252 970 3301 Ru
998 3252 1111 3316 seiten>

194 3319 299 3368 Exeiti
316 3318 391 3370 NHs.
421 3313 433 3382 ΙΙ
467 3319 516 3369 aba
539 3319 664 3383 graditur
680 3318 801 3369 EVRII
829 3318 958 3385 gradistur
979 3321 1037 3371 HIO
1056 3319 1113 3383 (tur

193 3402 225 3435 m.
244 3386 308 3443 see.)
328 3384 458 3451 gradiens
476 3386 501 3433 A
526 3383 537 3452 Η
560 3386 612 3435 854
628 3388 713 3436 detaut·
734 3382 746 3453 [Ι
774 3389 823 3439 863
842 3390 931 3438 sensit
949 3388 1024 3454 ΕφΑ
1049 3404 1110 3439 sen·
1158 3420 1162 3425 -

195 3454 270 3518 titeta
299 3448 311 3517 ΙΙ
339 3452 389 3501 884
407 3452 531 3501 obtutum
554 3454 582 3502 V
605 3450 617 3517 Η
