2550 3917
187 163 229 227 66
474 180 505 228 n.
523 181 656 229 aunam
673 182 827 231 sunnone

187 317 315 379 debebat
329 320 420 379 armis
435 318 516 379 orbis
532 325 562 379 et
576 321 727 397 geminum
745 338 827 382 mere
1004 368 1007 375 -
1080 382 1087 390 ,

186 405 337 481 utrimque
353 403 463 464 classes
478 422 583 481 agere,
600 406 658 465 iarn
674 404 800 469 flammis
815 396 903 483 agros
986 422 1006 451 -·
1089 448 1103 465 .

186 485 287 547 lucere
304 495 332 547 et
347 488 438 548 urbes
453 488 552 551 decuit
568 507 602 551 ac
618 491 752 551 strictum
770 490 900 571 undique

187 574 297 633 micare
313 573 434 633 lerrum.

475 657 548 717 'lota
565 657 619 719 sub
636 666 740 717 nostro
756 667 842 721 sonet

187 739 314 819 argolica
330 741 416 802 tellus
433 743 545 821 equite,
562 761 621 803 non
637 743 729 803 siluae
744 750 846 821 tegant

186 827 303 887 hostem
321 844 376 885 nee
392 826 458 887 altis
475 828 619 887 montium
635 835 764 889 structae
780 830 857 905 iugis

186 928 281 971 arces.
308 911 419 971 relictis
433 910 572 973 bellicum
588 919 667 973 totus
683 919 768 973 canat

186 994 311 1073 populus
327 996 466 1075 Mycenis.
494 998 627 1074 quisquis
643 998 770 1057 inuisum
787 1004 876 1075 caput
939 1020 943 1025 ·

186 1081 258 1158 tegit
272 1097 306 1140 ac
322 1087 422 1141 tuetur
437 1080 520 1141 clade
533 1082 651 1163 ¹funesta
667 1081 790 1141 occidat.

186 1164 260 1225 haee
275 1166 338 1243 ipsa
354 1165 469 1243 pollens
484 1164 578 1225 incliti
591 1164 710 1243 Pelopis
726 1166 832 1225 domus

186 1257 253 1310 ruat
268 1249 315 1309 uel
330 1251 361 1308 in
377 1267 434 1317 me,
451 1249 612 1310 dummodo
627 1252 658 1309 in
675 1250 797 1311 fratrem
813 1257 890 1311 ruat

150 1352 172 1402 b>
230 1336 290 1411 Age
307 1335 402 1394 anime
418 1334 464 1394 iac
479 1334 558 1413 quod
575 1333 655 1395 nulla
671 1336 828 1413 posteritas
843 1335 961 1413 probet,

187 1418 239 1480 sed
256 1417 336 1477 nulla
353 1425 458 1479 taceat.
486 1417 604 1498 aliquod
619 1418 788 1480 audendum
805 1428 849 1479 est
865 1420 949 1481 nefas

186 1510 271 1563 atrox
287 1510 446 1563 cruentum
463 1502 522 1563 tale
538 1504 616 1581 quod
634 1504 725 1563 irater
741 1521 826 1563 meus

186 1606 272 1647 suurn
289 1605 354 1648 esse
370 1586 480 1649 mallet.
508 1587 622 1649 scelera
638 1606 697 1647 non
715 1587 883 1649 ulcisceris

185 1672 241 1731 nisi
255 1674 361 1732 uineis.
376 1707 420 1719 —-
435 1672 541 1751 ecquid
558 1691 623 1732 esse
638 1680 698 1731 tam
715 1690 836 1733 saeuum
853 1678 950 1749 potest

186 1756 264 1835 quod
280 1766 402 1833 superet
416 1755 519 1817 illumi
539 1756 683 1836 numquid
699 1756 833 1819 abiectus
847 1756 942 1817 iacet?

147 1848 172 1907 b'
230 1841 377 1918 Numquid
393 1841 532 1901 secundis
549 1842 660 1918 patitur
676 1844 706 1901 in
723 1841 814 1901 rebus
829 1841 960 1910 modum,

184 1926 269 1986 fessis
285 1926 434 2002 quietern?
456 1927 527 1985 noui
543 1941 598 2001 ego
613 1926 766 2004 ingenium
784 1928 841 1986 uiri

185 2008 324 2069 indocile:
341 2008 422 2070 flecti
436 2028 495 2070 non
511 2017 618 2087 potest,
635 2011 732 2087 irangi
748 2016 853 2087 potest.

185 2095 311 2171 proinde
326 2101 482 2171 antequam
499 2113 531 2155 se
547 2095 645 2154 firmat
660 2101 710 2154 aut
725 2096 806 2155 uires
823 2100 906 2172 parat

185 2186 300 2256 petatur
316 2177 410 2239 ultro:
435 2198 473 2238 ne
489 2180 690 2255 quiescentem
706 2186 796 2257 petat.

184 2271 235 2323 aut
249 2262 370 2341 perdet,
387 2270 437 2325 aut
452 2263 575 2341 peribit,
591 2265 623 2323 in
640 2264 737 2323 medio
755 2271 798 2324 est
813 2262 909 2323 scelus

185 2350 314 2426 positum
332 2349 498 2426 occupanti.

150 2466 165 2499 c
226 2444 300 2492 sar.
534 2432 623 2492 Fama
643 2438 670 2491 te
686 2431 788 2510 populi
805 2429 876 2491 nihil

183 2517 307 2577 aduersa
323 2517 434 2577 terreti
819 2562 821 2570 .

183 2614 262 2662 Aru.
466 2599 996 2678 maximumhocregnibonumest,
1119 2619 1171 2667 205
1269 2634 1270 2667 r

183 2686 262 2766 quo-d
278 2686 354 2745 lacta
371 2686 483 2745 domini
499 2686 614 2761 cogitur
629 2684 757 2764 populus
773 2686 819 2745 sui
1269 2672 1270 2693 ¹

184 2779 243 2830 tam
258 2772 337 2831 serre
354 2789 442 2848 quarn
457 2769 629 2830 laudare.

182 2868 257 2916 sar.
669 2872 743 2932 quos
758 2854 836 2930 cogit
852 2860 948 2913 metus

184 2938 352 3008 laudare,
370 2939 488 2999 eosdem
505 2938 602 2999 reddit
618 2939 751 2998 inimicos
768 2945 871 2998 nretus

252 3193 299 3242 181
320 3194 403 3243 ermis
421 3192 546 3241 omnisA
571 3205 596 3240 a.
616 3190 692 3240 orbis
709 3191 735 3239 Ε
763 3186 775 3257 ll
808 3192 857 3240 182
880 3190 976 3239 innare
1002 3190 1102 3257 classis

183 3262 239 3311 iem
263 3261 318 3309 tuis
341 3262 366 3309 fl.
387 3277 412 3310 a.
431 3262 455 3310 Α
492 3260 629 3321 utrimque
656 3258 760 3309 classes
785 3274 867 3324 egere
895 3259 950 3307 iarn
975 3257 994 3305 f.
1020 3256 1044 3305 E

184 3330 233 3378 195
256 3328 336 3376 malit
353 3329 378 3378 Α
402 3326 542 3378 malletE
570 3322 581 3392 ΙΙ
612 3328 660 3376 196
686 3331 714 3376 et
737 3327 839 3391 quidm
869 3324 975 3388 ecquid
997 3323 1046 3373 Bo.

181 3398 231 3445 201
254 3395 344 3445 firmet
366 3414 391 3448 a.
409 3412 436 3447 u.
461 3398 542 3460 paret
560 3395 584 3443 Α
616 3393 706 3443 firmat
731 3410 754 3445 a.
774 3410 801 3443 u.
826 3398 909 3458 paret
931 3391 957 3441 Ε
998 3388 1009 3458 Η
1050 3394 1099 3443 207

181 3479 264 3527 quarn
282 3464 301 3513 i.
320 3468 375 3513 tam
393 3464 450 3515 LA
469 3462 565 3512 tami.
585 3476 666 3525 quom
685 3462 702 3510 l.
721 3462 747 3511 Ε
769 3458 783 3527 Η
