2550 3917
214 164 257 229 92
496 182 527 229 L.
544 180 677 227 sunam
693 180 851 229 SENEcAE

213 341 332 402 possem
348 331 377 383 et
392 330 510 382 coactns
524 321 653 388 trahere,
671 330 702 381 ut
717 320 853 381 ultricem
870 319 975 399 dapem

199 425 318 468 ·0mnes
333 408 478 468 uiderent.
510 407 589 483 quod
604 411 649 466 sat
664 415 722 473 est,
739 404 837 465 uideat
852 414 949 483 pater.'

174 683 201 741 b,

161 1106 194 1163 b„

176 1552 192 1585 0

191 2020 198 2039 e

174 2046 189 2078 (Ξ

171 2754 188 2786 a

143 538 146 543 .
215 494 303 551 etiam
320 491 374 552 die
384 490 503 551 nolente
518 492 671 551 discutiam
688 490 742 549 tibi

213 576 369 645 tenebras,
387 577 523 635 miseriae
538 574 593 636 sub
609 574 717 654 quibus
731 573 846 634 latitant
861 580 936 632 tuae.

256 661 349 721 Nimis
364 660 415 721 diu
431 662 556 720 conuiua
571 677 678 721 securo
693 660 772 719 iaces

213 743 357 823 hilarique
373 744 473 814 uultu,
489 746 546 804 iam
561 746 632 805 satis
648 744 757 804 mensis
773 742 874 802 datum
890 749 934 801 est

214 832 344 907 satisque
359 829 489 898 baceho,
510 828 612 888 sobrio
627 835 705 888 tante
722 827 758 888 ad
774 826 849 886 mala

211 997 314 1076 templi
331 997 439 1067 relaxa,
457 998 529 1059 festa
546 996 664 1076 patefiat
679 998 793 1057 donnus.

253 1081 339 1143 Libet
355 1083 466 1150 uidere,
484 1085 578 1159 capita
594 1091 733 1142 natorum
749 1082 866 1140 intuens

212 1184 287 1245 quos
302 1166 492 1235 detentores,
508 1167 601 1228 uerba
616 1183 693 1243 quae
707 1168 822 1242 primus
838 1161 922 1223 dolor

212 1251 352 1321 effundat,
370 1259 420 1312 aut
434 1262 467 1312 ut
481 1253 586 1329 spiritu
603 1248 726 1327 expulso
742 1257 865 1326 stupens

211 1353 320 1413 corpus
335 1338 471 1414 rigescat.
498 1335 677 1397 fructusbic
692 1334 790 1413 operis
806 1333 864 1392 mei
880 1339 932 1392 est.

212 1422 354 1481 miserum
371 1422 475 1481 uidere
489 1420 574 1490 noio,
591 1420 642 1479 sed
660 1420 728 1479 duna
745 1418 777 1478 fit
791 1418 891 1477 miser.
904 1450 946 1461 -

249 1508 357 1582 Aperta
372 1504 464 1566 multa
479 1513 555 1566 tecta
572 1504 730 1565 conlucent
746 1503 819 1564 face.
843 1554 847 1557 .

208 1591 366 1666 resupinus
380 1592 444 1668 ipse
458 1606 608 1667 purpurae
623 1598 710 1667 atque
727 1592 798 1649 aure
814 1585 933 1647 incubat

209 1674 279 1732 uino
294 1684 450 1749 grauatum
465 1674 589 1734 fulciens
604 1673 688 1733 laeua
705 1681 801 1750 caput.

209 1766 332 1818 eructat.
363 1777 443 1818 orne
459 1758 596 1818 caelitum
612 1756 843 1819 excelsissimum

206 1859 311 1919 regum
328 1851 414 1921 atque
429 1859 541 1919 regem.
567 1851 636 1903 uota
651 1841 822 1901 transcendi
837 1856 911 1900 mea.

208 1934 290 1985 satur
305 1935 362 1995 est,
379 1928 479 2005 capaci
495 1928 575 1988 ducit
590 1934 714 2004 argento
730 1943 856 1986 merum.

252 2010 297 2069 Ne
311 2029 401 2087 parce
416 2019 502 2087 potu:
518 2020 611 2071 restat
626 2012 794 2071 etiamnunc
810 2027 900 2069 cruor

209 2102 253 2153 tat
267 2094 438 2155 hostiarum.
472 2097 582 2155 ueteris
597 2095 677 2155 hunc
692 2094 796 2153 bacchi
812 2092 894 2153 color

208 2178 379 2239 abscondet.
405 2180 463 2239 huc
478 2180 552 2239 haec
566 2197 669 2240 mensa
686 2176 821 2237 cludatur
836 2177 957 2256 scyphe.

208 2265 330 2323 mixtum
347 2282 469 2323 suornm
485 2265 659 2341 sanguinem
678 2264 794 2339 genitur
810 2261 900 2330 bibat,

198 2356 307 2407 'meum
323 2347 456 2407 bibisset.
484 2366 567 2421 ecce,
583 2348 642 2405 iain
659 2352 762 2406 cantus
778 2348 835 2406 ciet

207 2433 357 2511 festasque
372 2450 462 2492 uoces
478 2449 533 2490 nec
548 2432 617 2489 satis
632 2431 725 2490 menti
739 2431 874 2509 imperat.

472 2611 619 2659 ceonvs.
649 2587 838 2659 rErEsra's

336 2736 424 2795 Obor.
451 2735 575 2795 Pectora
591 2734 687 2811 longis
702 2733 838 2795 hebetata
854 2734 938 2794 maiis

290 2820 347 2878 ianr
364 2818 504 2880 sollicitas
519 2820 620 2898 ponite
636 2837 733 2880 curas.

270 3039 319 3087 897
340 3045 368 3087 et
385 3038 514 3090 ultricem
532 3038 557 3087 E
574 3043 606 3087 ui
622 3038 686 3088 ultr.
706 3039 731 3088 Α
756 3035 767 3104 Η
795 3040 843 3089 901
865 3042 983 3089 conuiua
1001 3056 1069 3091 corr.
1084 3058 1119 3092 ex

203 3103 378 3154 conniuaE¹
417 3102 429 3171 Η
468 3109 518 3157 903
541 3106 577 3155 ed
599 3122 668 3157 corr.
692 3123 727 3158 ea:
750 3122 783 3155 ac
802 3106 836 3155 ΕΙ
872 3103 884 3173 Η
917 3110 967 3158 910
989 3110 1117 3158 miserum

202 3174 290 3221 uirum
308 3173 404 3221 uidere
422 3174 449 3222 E
476 3175 565 3223 uirum
583 3191 629 3225 om.
649 3173 673 3222 Α
737 3176 786 3224 912
804 3189 925 3239 purpura
943 3176 968 3224 A
997 3191 1116 3239 purpure

201 3240 226 3288 E
260 3235 272 3304 Η
306 3241 357 3290 914
379 3256 458 3290 omne
476 3242 628 3306 Eponae
648 3257 666 3290 α
740 3244 790 3292 916
812 3257 960 3306 regumque
978 3244 1116 3305 regemA

199 3307 1116 3442 bbffiussebtffeeressgznffl{elsltssqlge&eferbltffizbe‘izihffoclffiffig

200 3442 438 3494 THYESTEM
457 3443 599 3493 ChorusA
628 3440 640 3508 ΙΙ
664 3445 713 3493 923
733 3442 840 3494 OHOR.
865 3460 912 3499 om.
931 3464 952 3497 ω
969 3446 1072 3495 restitui
1092 3440 1105 3511 Η

1259 774 1260 825 i

212 932 287 992 opus
303 919 346 973 est
362 914 499 992 Thyeste.
526 912 612 973 turba
628 912 780 973 famularis
796 912 875 971 iores
1078 922 1101 966 r.
1112 920 1225 964 cxxxur
1259 886 1260 971 i

1146 1013 1194 1061 eoa
1259 982 1260 1073 i
