2550 3917
520 224 720 275 PRAEFATIO
989 224 1095 272 XVIIII

149 386 223 461 quod
239 402 292 441 nou
310 384 392 441 nullis
409 386 477 442 locis
492 385 604 444 lacunas
620 386 648 441 in
662 386 692 441 E
705 393 820 460 propter
835 385 1036 459 neglegentiam
1052 384 1097 439 uel

150 470 285 527 scribenti
307 470 493 527 lestInantiam
515 470 608 527 librari
625 479 654 527 et
668 473 794 526 miseram
815 469 878 527 libri
900 470 973 525 unde
996 468 1097 524 lloren-

148 559 224 611 tinus
254 555 409 628 dcscrIptus
436 564 479 611 est
498 556 686 612 condicionem
709 563 782 611 ortas
804 570 819 609 c
840 554 917 611 libris
936 555 963 609 A
988 554 1097 626 generis

148 639 270 714 suppleri
292 656 405 697 necesse
427 648 478 697 est.
507 640 628 714 Denique
649 657 704 696 non
726 640 998 712 praetermittendum
1022 637 1096 712 quod

148 726 215 782 ordo
238 723 440 796 tragoediarum
469 725 558 799 qualis
582 733 624 780 est
645 727 673 780 in
695 724 802 798 uolgari
828 725 989 781 recensione
1010 724 1097 795 magis

147 810 280 865 conuenit
296 825 375 881 quam
392 809 416 865 is
433 826 512 883 quem
528 810 558 865 E
578 812 704 883 sequitur
719 826 780 865 cum
802 817 945 866 auctorum
962 807 1098 864 aetatibus

147 896 353 967 Agamemnone
369 902 396 948 ct
411 894 527 950 Hercule
542 910 566 949 11
582 896 609 950 iu
626 894 680 950 fine
696 894 856 951 conlocatis.

211 976 259 1032 llis
269 976 296 1031 in
310 977 467 1051 uniuersum
480 978 514 1033 de
525 987 642 1053 utraque
654 980 815 1035 recensione
826 979 958 1051 expositis
971 977 1098 1051 sequitur

148 1072 179 1119 ει
194 1062 318 1118 breuiter
340 1064 530 1129 ostendamus,
557 1064 695 1137 quomodo
711 1064 813 1119 iactum
829 1078 889 1118 csse
904 1069 1045 1137 putemus,
1067 1067 1099 1116 ut

149 1146 251 1219 singuli
272 1146 417 1203 deterioris
439 1149 549 1222 gerreris
572 1148 634 1206 libri
655 1150 683 1205 in
708 1147 824 1220 singulis
845 1164 901 1204 non
922 1164 985 1203 raro
1002 1154 1098 1202 contra

149 1240 257 1288 ceteros
285 1231 326 1286 sui
356 1235 466 1305 generis
487 1233 597 1290 codices
624 1251 685 1291 cum
712 1231 886 1289 laurentiano
916 1230 1097 1288 consentiant.

150 1314 227 1383 Quod
254 1332 318 1371 saue
345 1318 444 1373 mimm
470 1326 599 1373 nonest.
651 1318 756 1374 Ειεείεε
785 1323 814 1372 ει
835 1317 937 1373 codicis
959 1315 1098 1371 florentini

151 1404 312 1474 scripturam
329 1401 472 1475 pristinam
491 1402 586 1459 multis
607 1402 677 1459 locis
692 1410 824 1458 mutatam
841 1401 967 1457 uidemus
987 1400 1020 1455 ad
1034 1416 1100 1454 nor-

150 1502 219 1541 mam
240 1485 342 1542 codicis
363 1487 502 1544 cuiusilam
533 1488 646 1544 alterius
667 1485 853 1549 recensionis,
879 1492 908 1541 et
928 1486 968 1540 sic
989 1483 1098 1557 quidem

150 1579 181 1626 ει
197 1568 261 1643 quid
277 1571 355 1643 prlor
369 1570 498 1628 librarius
515 1572 658 1646 scripserit
673 1587 754 1645 saepe
769 1570 813 1626 uel
830 1586 911 1644 aegre
925 1567 970 1624 uel
987 1569 1098 1626 omnino

149 1670 203 1711 non
225 1654 314 1727 possit
336 1655 483 1729 distmgui:
507 1658 544 1711 ita
563 1673 618 1713 non
640 1657 719 1730 pauci
741 1656 851 1730 generis
873 1654 1017 1710 deterioris
1035 1652 1099 1708 libri

150 1741 222 1796 arreti
239 1746 304 1793 sunt
325 1748 352 1797 et
368 1741 503 1796 emendati
519 1740 684 1797 lectionibus
705 1757 737 1796 er
752 1741 868 1796 meliore
888 1738 1050 1795 recensione
1068 1739 1097 1793 in

150 1842 199 1881 cos
216 1822 354 1880 translatis
370 1826 414 1881 uel
431 1841 445 1879 ε
460 1825 585 1898 pluribus
606 1824 732 1883 diuersae
748 1825 917 1881 recensionis
938 1822 1098 1897 exemplari·

150 1910 202 1965 bus
224 1910 397 1983 transcripti,
419 1910 690 1983 utlloguntinus
712 1918 740 1965 et
755 1909 995 1969 Pulauiensis‚
1018 1923 1097 1980 quem

150 1994 196 2068 qni
218 1994 339 2049 exorauit
354 1993 533 2068 conpluribus
548 1994 627 2051 libris
643 2012 673 2051 se
694 2012 774 2051 risum
790 2009 852 2050 esse
873 1994 900 2048 in
917 1992 1097 2065 inscriptione

149 2075 297 2152 profitetur
318 2076 363 2149 (cl.
380 2097 408 2152 p.
424 2078 540 2151 xxxvl).
571 2080 644 2135 Vnde
661 2080 707 2153 qui
722 2080 845 2153 potuerit
859 2077 917 2134 fieri
932 2084 963 2133 ut
979 2076 1023 2132 uel
1040 2084 1097 2131 tur-

149 2161 257 2237 pissimi
282 2178 313 2217 ex
340 2163 380 2219 his
402 2162 480 2219 libris
507 2181 560 2220 non
583 2181 729 2237 numquam
756 2163 855 2219 bonam
882 2171 910 2217 et
931 2161 1096 2233 singularem

151 2248 296 2303 lectionem
312 2250 465 2321 reciperent
480 2247 559 2305 lacile
575 2247 757 2320 intellegitur.

214 2330 273 2386 Non
299 2331 381 2388 nullis
404 2340 493 2389 tamen
520 2333 597 2388 libris
619 2332 763 2389 meliorum
789 2332 938 2389 lectionum
960 2338 1034 2387 tanta
1056 2339 1098 2385 εει

152 2416 247 2489 copia,
281 2424 312 2471 ut
331 2425 378 2472 aut
399 2419 451 2491 ipsi
478 2417 665 2473 secundum
688 2417 846 2473 melioris
874 2415 1098 2472 recensionis

152 2499 328 2573 exemplar
349 2501 464 2557 dedita
489 2518 593 2576 opera
614 2503 769 2558 correcti
791 2518 853 2557 esse
872 2509 921 2557 aut
941 2500 1040 2556 elibro
1062 2502 1099 2555 ita

152 2593 277 2641 correcto
294 2586 429 2658 originem
448 2588 564 2643 traxisse
579 2587 733 2643 uideantur.
763 2585 821 2641 Huc
836 2587 976 2659 pertinent
991 2593 1100 2657 praeter
1145 2638 1152 2647 ,

151 2677 261 2726 εειεεεε
281 2669 467 2726 Melisseus
488 2670 535 2726 ille
556 2668 601 2741 (cl.
619 2688 642 2726 ε.
658 2688 684 2744 g.
702 2672 722 2725 Τ
739 2669 756 2726 9
779 2670 828 2725 llr1
846 2669 938 2741 1513)
959 2670 1003 2725 oui
1018 2668 1099 2723 nimis

152 2754 249 2810 tribuit
271 2754 442 2817 (iconomus,
465 2754 660 2810 Vossianus
677 2754 839 2817 ,.melior“‚
860 2753 1098 2809 Palatinorum

6 2831 23 2844 “
128 2899 131 2905 ,
150 2834 249 2912 ‘biga'
266 2836 309 2912 (cl.
326 2839 405 2913 1136
422 2835 792 2915 sqq.).Rcbdigerauus
809 2855 835 2893 n.
854 2838 902 2900 11,
919 2836 1098 2893 Gotbanus

151 2924 222 2979 alter
238 2918 274 2999 (p)
297 2925 343 2996 qui
359 2940 440 2998 saepe
458 2941 518 2980 cum
534 2923 647 2979 meliore
669 2924 826 2979 recentione
842 2924 1034 2988 consentiunt,
1058 2924 1099 2977 in·

150 3007 257 3064 tendum
274 3010 333 3063 eius
349 3010 512 3082 scripturam
528 3010 707 3080 integriorem
726 3007 875 3063 ostendunt
889 3006 1051 3073 florentino,
1069 3015 1100 3063 ει

150 3093 200 3148 Ηεε
218 3092 301 3150 1380
317 3092 518 3167 quoquuod
534 3093 580 3147 eA
611 3093 691 3150 1377
712 3091 1008 3148 uecRneEnonA
1037 3091 1100 3149 920

152 3174 207 3250 (ubi
223 3179 250 3232 in
267 3178 296 3232 E
309 3178 404 3239 lacuna
420 3176 471 3253 est)
489 3180 578 3234 euicte
594 3178 621 3234 R
637 3185 748 3233 euectae
762 3176 789 3231 A
804 3170 817 3255 ΙΙ
832 3176 870 3231 illi
886 3176 970 3249 Ερψ
991 3176 1058 3232 111εά
1073 3178 1099 3231 Α

149 3262 329 3336 Hsstepenti
344 3255 417 3317 AE²
440 3271 549 3337 tepente
573 3261 638 3317 VR.
683 3261 723 3316 cf.
742 3272 898 3334 praeterea,
921 3269 952 3316 ut
974 3260 1097 3317 cmultis

150 3364 236 3421 pauca
258 3347 416 3412 afferamus,
446 3352 497 3421 Ag.
523 3347 582 3403 177
605 3348 678 3402 senis
699 3346 759 3401 ER
780 3363 834 3419 mg.
855 3363 891 3400 m.
910 3362 960 3416 pr.
982 3344 1058 3402 ducis
1073 3346 1099 3400 A

150 3432 299 3490 H111360
321 3433 435 3490 leminea
452 3432 513 3488 ER
539 3432 664 3488 femineis
679 3431 705 3486 A
733 3431 753 3486 P
770 3432 829 3489 651
847 3430 925 3486 uenis
940 3431 984 3485 Aa
1010 3445 1099 3483 uenus

153 3511 179 3590 (i.
197 3533 220 3573 ε.
235 3512 331 3590 uenas)
347 3517 375 3572 R
405 3517 550 3574 ll111511
568 3533 668 3590 parens
683 3515 790 3571 Eme
811 3517 880 3572 mels
894 3514 921 3568 A
941 3511 1023 3570 1535
1041 3526 1095 3585 quo

851 3611 897 3671 h*
