2550 3917
447 210 629 258 uarrcvcus
653 196 817 277 [nunnus]
945 188 955 206 ⁹
1048 194 1089 258 27

170 352 220 429 qui
235 350 359 411 aduenit
375 357 404 412 et
420 368 494 429 quae
508 351 602 411 iussit.
631 350 662 409 in
677 367 789 427 poenas
803 367 885 411 meas

173 442 261 514 atque
276 437 308 495 in
324 433 444 495 labores
465 453 523 495 non
540 435 610 495 satis
625 443 724 495 terrae
739 441 851 513 patent.
882 501 887 505 ,

140 530 159 579 b
218 521 340 581 lunonis
356 520 423 581 odio
439 520 498 581 uidi
512 520 664 580 inaccessa
680 520 818 580 omnibus

172 605 271 680 ignota
287 604 410 664 Phoebo
425 622 559 684 quaeque
574 604 705 664 deterior
721 603 807 682 polus

174 688 300 749 obscura
317 690 382 749 diro
398 690 490 767 spatia
507 690 654 749 concessit
669 688 732 749 loui

174 780 203 835 et
218 775 241 832 si
257 774 411 853 placerent
425 774 528 834 tertiae
544 774 632 833 sortis
647 772 712 833 loca
790 771 794 778 '

172 876 301 936 regnare
316 859 409 937 potui.

133 956 161 1016 b‘
440 942 541 1003 Noctis
556 949 696 1003 aeternae
711 942 801 1002 chaos

76 1046 81 1056 ‘
174 1034 204 1087 et
218 1034 306 1087 nocte
323 1027 461 1105 quiddam
477 1028 598 1105 grauius
613 1034 643 1087 et
658 1028 757 1087 tristes
772 1027 844 1087 deos
1108 1040 1158 1089 615

177 1120 206 1171 et
221 1112 278 1173 iata
294 1113 363 1172 uici.
395 1118 490 1172 morte
506 1119 676 1187 contempta
691 1112 766 1172 redi.

176 1196 247 1274 quid
262 1204 354 1276 restat
369 1195 463 1257 aliud?
486 1196 548 1256 uidi
563 1204 592 1257 et
607 1195 724 1257 ostendi
739 1195 862 1256 interos,

129 1295 165 1354 b''
217 1281 267 1350 lla,
284 1282 308 1339 si
324 1280 394 1359 quid
411 1280 487 1341 ultra
503 1287 555 1341 est.
585 1282 643 1340 iam
659 1281 710 1340 diu
724 1283 834 1358 pateris
847 1296 954 1340 manus

174 1383 292 1425 cessare
308 1374 424 1425 nostras
440 1366 523 1426 luno.
554 1383 630 1443 quae
647 1366 727 1425 uinci
740 1364 843 1425 iubes?

230 1450 289 1511 Sed
304 1449 415 1528 templa
431 1467 523 1526 quare
539 1448 624 1511 miles
638 1449 763 1510 infestus
779 1457 869 1517 tenet,
1106 1463 1158 1512 6ἳο

174 1534 323 1613 limenque
339 1552 456 1595 sacrum
472 1541 570 1594 terror
586 1551 739 1594 armorum
755 1532 891 1593 obsidet?

203 1732 446 1781 rnrflrrnrou.
474 1720 855 1781 abrenuntiemus.
885 1727 1051 1777 rnnsrevs.

140 1879 158 1913 a
217 1855 359 1917 Vtrumne
376 1856 457 1917 uisus
473 1863 541 1916 uota
558 1856 756 1933 decipiunt
770 1873 854 1917 meos

172 1938 274 2000 anille
290 1939 417 2001 domitor
433 1940 513 2000 orbis
530 1948 558 2000 et
573 1940 694 2001 Graium
710 1941 800 2001 decus

173 2025 249 2085 tristi
264 2023 397 2086 silentem
415 2024 516 2085 nubilo
532 2024 616 2103 liquit
632 2024 771 2085 domurn?

174 2116 256 2169 estne
272 2108 320 2169 ille
336 2110 460 2170 natus?
482 2109 617 2171 membra
632 2109 741 2171 laetitia
757 2117 886 2187 stupent.

134 2191 160 2250 α’
217 2192 241 2253 0
256 2199 368 2269 gnate
384 2202 464 2255 certa
480 2201 513 2254 at
529 2212 594 2254 sera
610 2194 781 2255 Thebarum
797 2194 876 2263 salus

174 2283 302 2338 teneone
317 2280 347 2337 in
364 2297 450 2339 auras
467 2279 577 2339 editum
593 2297 630 2339 an
647 2296 723 2339 nana
740 2280 823 2348 lruor

173 2362 355 2440 deceptus
370 2363 496 2424 umbra?
520 2371 589 2424 tune
605 2364 655 2423 es?
668 2399 708 2409 -
721 2380 849 2439 agnosco
865 2371 949 2422 toros

98 2470 101 2477 ·
174 2465 351 2527 umerosque
368 2456 397 2509 et
413 2448 470 2508 alto
486 2447 614 2508 nobilem
633 2456 738 2508 trunco
755 2466 885 2508 manum.

139 2536 158 2586 b
215 2545 319 2595 Hunc,
343 2533 425 2593 Vnde
441 2535 494 2594 iste
510 2534 626 2610 genitor
642 2532 761 2610 squalor
778 2541 807 2592 et
822 2530 997 2609 lugubribus
1107 2534 1158 2584 630

239 2738 288 2787 611
308 2740 416 2801 qu‘aque
433 2734 458 2782 E
479 2749 517 2783 en
535 2748 620 2801 queqj
643 2736 670 2785 V
687 2730 698 2800 [l
721 2748 809 2798 popus
825 2736 852 2783 ia
869 2731 949 2797 polus
965 2746 1034 2781 corr.
1045 2744 1090 2793 pr.

173 2806 242 2861 m.E
264 2802 276 2871 Η
300 2806 349 2855 615
362 2807 471 2853 noctem
488 2800 521 2850 V¹
546 2799 557 2868 ΙΙ
586 2804 697 2866 quidem
719 2804 744 2852 V
753 2803 815 2852 ΒΜ
832 2802 940 2850 Vratisl.
961 2797 1091 2862 quiddem

174 2875 233 2924 1³11
254 2872 342 2936 (aede
366 2869 515 2931 incasura)
544 2870 556 2935 Ι]
585 2871 635 2921 618
659 2870 715 2918 iam
734 2870 792 2919 EV
815 2872 911 2931 temate
939 2875 1045 2915 namu
1068 2860 1080 2929 Η

172 2943 221 2991 em
244 2940 309 3005 quta
328 2940 377 3003 Αφ
406 2954 477 3003 quaa
494 2937 543 3002 Εφ
572 2933 584 3002 u
614 2935 866 2987 Anrnrrurou.
888 2920 1091 2985 nnndvnss.

172 3008 331 3059 MEGERA.
351 3004 526 3056 THESEVS.
546 3004 603 3055 EV
603 3003 611 3036 ¹
629 3003 689 3069 (aed
705 3006 745 3054 die
757 3000 936 3067 Amphitrion)
954 3001 1088 3067 Megaree

172 3093 259 3126 nomen
282 3076 354 3125 abest
372 3074 396 3123 Α
420 3076 528 3123 deletum
548 3090 580 3123 m.
604 3089 657 3122 ree.
681 3073 708 3121 V
742 3069 753 3137 ΙΙ
791 3073 842 3121 624
868 3070 997 3119 silentum
1022 3084 1041 3117 α

172 3145 221 3193 626
250 3148 329 3193 certa
352 3146 381 3191 et
403 3156 466 3191 sera
489 3158 509 3190 ω
544 3145 577 3189 at
597 3140 721 3190 Gruterus
756 3135 771 3205 ss
803 3138 988 3188 thebanorum
1010 3137 1045 3185 V¹

173 3213 221 3261 627
239 3213 377 3261 Verumne
398 3224 480 3258 cerno
501 3223 599 3272 eorpus
618 3224 654 3257 an
677 3206 760 3256 fallor
782 3210 830 3255 tna
851 3207 872 3254 Α
906 3206 1043 3257 Verumne
1064 3218 1094 3254 cm

174 3294 197 3327 e.
217 3294 252 3327 an
281 3278 365 3328 fallor
386 3277 423 3326 ul'
441 3282 464 3325 tl
482 3274 559 3325 uides
581 3277 607 3324 V
627 3276 759 3325 Teneone
778 3275 806 3323 in
826 3289 908 3324 aures
932 3273 1036 3322 editum
1055 3286 1091 3319 an

172 3362 245 3395 uana
267 3347 344 3397 fruor
363 3343 592 3393 cucurrerimus
611 3344 635 3391 P
651 3358 699 3407 my.
723 3349 830 3407 uterque
847 3355 937 3391 uersus
956 3342 1048 3403 lenitur
1065 3340 1092 3387 in

173 3415 292 3465 Parisino
311 3416 382 3465 8036
404 3412 451 3476 (aa
467 3409 565 3476 8026?)
589 3412 614 3460 in
637 3426 686 3460 nno
705 3410 841 3461 Mineruae
865 3417 891 3459 et
913 3423 962 3457 uno
981 3407 1090 3470 Napeti-

173 3487 231 3533 tono
254 3480 265 3549 ΙΙ
289 3486 339 3533 629
359 3481 415 3532 alte
438 3482 464 3529 V
484 3476 496 3545 Η
