2550 3917
209 148 274 213 242
488 163 518 208 c.
538 160 672 208 annam
688 157 845 207 sennenn

129 356 131 362 ,
176 304 203 362 o'
258 315 367 362 noan.
391 302 428 360 At
442 318 501 361 non
517 299 672 360 timebat
688 307 773 358 tnnc
789 306 857 358 tous
873 297 967 358 lateor
982 314 1087 374 parens

209 473 344 549 interque
361 470 467 530 caedes
483 470 624 528 Graeciae
640 475 727 545 atque
743 473 824 527 ustas
839 473 919 527 rates

209 557 308 633 segnis
324 554 439 615 iacebat
453 552 524 614 helli
541 560 570 613 et
584 570 736 611 armorum
753 552 899 611 inmemor

209 641 267 701 leui
284 657 423 699 canoram
440 637 603 698 uerberans
618 636 734 715 plectro
749 634 867 715 chelyn.
1140 646 1187 694 330

175 725 206 784 c''
250 737 376 783 Pinna.
394 723 494 782 Tunc
509 738 633 799 magnus
645 720 755 781 llector
771 737 853 780 arma
868 728 1056 779 contemnens
1071 726 1121 779 tna

208 817 313 868 cantus
328 806 449 869 Achillis
464 804 587 866 tiinuit
602 813 631 864 et
647 813 728 864 tanto
743 806 773 864 in
790 811 870 864 metu

207 892 363 953 naualibus
379 910 446 970 pax
462 890 536 950 alta
552 888 769 950 thessalicis
783 890 846 949 luit.

208 990 317 1037 nonin.
342 993 449 1054 nempe
466 975 558 1035 isdem
574 977 604 1033 in
620 976 684 1033 istis
699 972 872 1033 Thessali
888 973 1038 1034 naualibus

206 1080 276 1141 pax
293 1060 367 1132 alta
383 1078 489 1119 rursus
505 1058 641 1119 Hectoris
656 1060 733 1135 patri
748 1058 813 1118 luit.
1142 1067 1188 1116 335

174 1257 190 1289 a
250 1242 377 1288 PYRRH.
402 1228 453 1288 Est
468 1230 569 1305 regis
584 1226 634 1287 alti
650 1247 665 1287 s
672 1227 825 1303 piritum
842 1228 905 1305 regi
920 1226 998 1287 dare.

204 1326 315 1373 nonii.
340 1330 393 1373 cur
410 1313 511 1372 dextra
528 1312 611 1387 regi
627 1313 802 1389 spiritum
818 1313 928 1389 eripuit
941 1311 1006 1371 tua?

174 1398 198 1457 a'
251 1410 378 1456 PYnnn.
402 1397 526 1456 Mortem
542 1398 763 1455 misericors
783 1412 872 1473 saepe
887 1412 942 1473 pro
958 1396 1015 1454 uita
1030 1394 1121 1453 dabit.

206 1494 315 1541 nonin.
341 1488 370 1541 et
385 1498 465 1540 nunc
480 1481 701 1540 misericors
716 1480 848 1556 uirgines
863 1478 950 1540 husto
966 1480 1058 1556 petis?

171 1594 187 1626 a
249 1578 375 1624 rYnnH.
399 1565 499 1625 lamna
513 1564 650 1624 inmolari
665 1566 798 1641 uirgines
813 1562 910 1624 credis
926 1563 1023 1624 nelas‘l
1142 1575 1189 1623 340

203 1664 312 1709 norm.
336 1650 489 1727 praeferre
504 1651 630 1728 patriam
647 1647 749 1709 liberis
764 1666 866 1725 regem
883 1649 977 1709 decet.

171 1738 196 1794 a'
248 1747 375 1793 Prnnfl.
399 1734 469 1793 Lex
486 1731 564 1793 nulla
582 1741 669 1810 capto
684 1734 780 1812 parcit
794 1741 846 1792 aot
861 1751 985 1809 poenam
1000 1732 1122 1809 inpedit.

205 1832 313 1877 noan.
338 1818 415 1897 quod
433 1836 492 1897 non
508 1826 590 1877 cetat
604 1816 678 1884 lex,
696 1817 753 1877 hoc
768 1825 850 1877 uetat
863 1818 927 1876 lieri
945 1816 1049 1894 pudor.

170 1904 203 1963 a''
246 1914 373 1962 PYnnH.
398 1897 611 1979 Quodcumque
628 1900 741 1961 libuit
762 1903 861 1962 lacere
876 1903 998 1966 uictori,
1020 1900 1119 1961 licet.

203 1999 313 2046 Aean.
338 1987 491 2046 minimum
508 1986 593 2046 decet
608 1985 730 2046 libere
746 1988 793 2045 cni
809 1985 934 2046 multum
951 1986 1048 2046 licet.
1141 1997 1189 2045 345

169 2084 186 2130 b
247 2084 372 2130 Prnnrr.
397 2071 449 2131 llis
464 2073 518 2129 ista
534 2072 624 2131 iactas
641 2088 714 2147 qnos
730 2069 834 2130 elecem
850 2088 994 2129 annorum
1011 2073 1096 2147 grani

203 2172 297 2231 regno
313 2155 451 2215 subactos
466 2155 598 2232 Pyrrhus
615 2154 742 2215 exsoluit
757 2155 845 2231 iugo?

169 2240 195 2297 b‘
246 2251 353 2299 noan.
377 2238 436 2298 Hos
452 2239 561 2317 Scyrus
577 2241 690 2299 animos

202 2336 327 2382 PYRRH.
668 2322 781 2384 scelere
796 2342 873 2400 quae
888 2324 1014 2382 fratrum
1029 2332 1119 2399 caret.

202 2420 311 2467 Annon.
350 2405 461 2467 inclusa
477 2406 586 2467 iluctn‘?

202 2504 327 2550 PYRRH.
621 2510 729 2569 nempe
746 2494 863 2567 cognati
879 2493 980 2552 maris.

167 2574 201 2633 b''
245 2576 353 2653 Apam.
399 2605 411 2634 .·
453 2622 994 2635 ...........

201 2662 314 2737 Pyrrh.
338 2662 420 2720 Atrei
435 2668 464 2721 et
479 2659 623 2737 Thyestae
638 2659 768 2720 nobilem
784 2661 855 2720 noui
870 2660 1001 2719 domum.
1139 2671 1189 2719 3⁵0

167 2754 184 2802 b
246 2756 354 2804 nonna.
392 2744 434 2804 Ex
450 2744 573 2821 uirginis
589 2752 732 2822 concepte
748 2744 858 2804 fortino
873 2751 992 2821 stupro.

201 2836 230 2888 et
246 2846 288 2887 ex
303 2827 449 2889 Achille
465 2835 532 2889 nate
549 2828 600 2888 sed
617 2829 749 2889 nondum
766 2830 830 2888 uiro

139 2955 141 2959 r
166 2916 193 2971 b'
245 2925 370 2971 Pinnae.
394 2912 462 2972 lllo
484 2932 523 2972 ex
546 2911 693 2972 Achille
715 2929 825 2989 genere
840 2912 891 2989 qui
906 2911 1049 2972 mnndum
1064 2930 1118 2971 suo

201 3014 322 3073 sparsus
336 3014 391 3073 per
406 3016 494 3056 omne
510 2996 646 3058 caelitum
662 3015 788 3075 regnum
804 3004 893 3057 tenet.

264 3238 325 3296 port
342 3249 366 3281 a.
380 3234 429 3283 327
447 3234 519 3282 acratas
537 3248 627 3282 aereae
639 3236 753 3283 lacunam
765 3232 855 3281 statuit
870 3232 923 3281 Gll.
937 3228 949 3297 ΙΙ
960 3234 1011 3282 328
1022 3235 1116 3281 uastas

198 3294 312 3363 1311334
330 3300 446 3348 thessali
458 3299 483 3348 E
501 3300 634 3350 thessalis
646 3302 671 3349 Α
684 3298 696 3365 ΙΙ
712 3303 762 3350 339
779 3300 816 3347 Et
835 3299 859 3346 E
878 3300 914 3348 At
929 3302 955 3347 A
972 3296 1051 3365 {1348
1068 3299 1116 3361 Sy·

199 3380 245 3413 rus
264 3366 288 3413 E
308 3366 406 3427 Scyros
425 3367 450 3416 A
473 3363 485 3431 ll
505 3374 566 3431 port
587 3386 612 3418 a.
631 3367 682 3417 349
700 3368 894 3431 Apamernnonia
912 3370 1052 3417 orationem
1068 3382 1115 3415 ex·

198 3433 292 3480 cidisse
310 3435 453 3495 catapirates
470 3450 494 3482 a.
513 3437 563 3483 330
581 3435 711 3485 PYRRH.
730 3430 917 3500 adnichilata
935 3451 1041 3485 omnem
1059 3450 1078 3483 a
1093 3430 1106 3499 Η
