2550 3917
517 214 680 264 racanas
995 196 1060 262 265

144 356 341 435 Hecubaeque
358 356 498 438 Pyrrbue
530 357 592 417 lare
608 374 696 436 quam
713 354 839 433 poenam
855 370 957 433 pares,
1076 362 1130 411 949

145 459 285 519 exprome
301 450 330 503 et
345 460 436 503 unum
453 442 510 502 bec
525 442 611 501 deme
627 442 738 500 nostris
753 437 884 500 cladibus
991 506 995 514 ‚

144 526 211 587 lalli.
243 535 360 604 paratas
375 527 490 606 perpeti
506 532 631 587 mertem
648 524 741 585 uides,
1076 532 1126 581 947

145 612 271 691 optanda
288 629 369 702 more
385 618 428 673 est
443 612 507 672 sine
522 618 602 672 metu
618 611 725 671 mertis
740 610 825 670 meri.
1072 616 1135 666 ete

112 810 125 844 e
184 794 266 841 9999.
291 780 404 851 Vtinam
420 780 537 842 iuberet
551 798 599 841 me
614 798 733 858 quoque
747 780 899 857 interpres
914 778 1002 838 deum
1077 788 1129 837 949

143 864 323 945 abrumpere
338 884 408 927 ense
424 864 498 925 lucis
513 866 626 926 inuisae
642 881 755 932 moras,

142 950 190 1011 uel
205 949 326 1011 Achillis
342 959 409 1011 ante
425 950 509 1011 busta
524 948 685 1011 furibunda
699 966 790 1009 manu
1077 958 1129 1007 999

142 1033 278 1095 occidere
293 1035 401 1115 Pyrrhi
416 1036 472 1095 lata
489 1036 679 1095 comitantem
694 1042 744 1095 tua

141 1118 290 1200 Polyxene
306 1120 472 1181 miseranda
490 1138 577 1198 quam
594 1118 671 1178 tradi
685 1117 743 1179 sibi

142 1205 332 1284 cineremque
348 1204 477 1265 Achilles
491 1214 559 1265 ante
574 1205 699 1265 mactari
713 1220 816 1272 suum,

141 1307 247 1368 campe
263 1292 386 1351 maritus
401 1298 434 1351 ut
448 1290 486 1349 sit
502 1289 613 1369 Elysio,
629 1288 721 1349 iubet.

110 1380 131 1438 e'
183 1388 291 1433 ammte.
310 1374 382 1435 Vide
396 1383 430 1436 ut
444 1376 559 1436 animus
574 1375 681 1451 ingens
695 1372 790 1433 laetus
804 1371 930 1432 audierit
944 1388 1058 1431 necem.
1078 1381 1131 1431 999

141 1458 237 1520 cultus
253 1458 379 1520 decores
394 1460 493 1538 regiae
509 1460 601 1520 uestis
617 1460 690 1536 petit
777 1458 780 1463 ’

141 1552 169 1603 91
183 1543 339 1604 admoueri
355 1545 488 1604 crinibus
503 1547 612 1623 patitur
628 1560 759 1601 manum.

140 1637 268 1689 mertem
284 1627 406 1706 putabat
420 1628 507 1698 illud,
525 1630 581 1689 boc
596 1625 743 1687 thalamos
758 1633 849 1704 perlat.

141 1720 170 1773 at
183 1715 293 1775 misera
310 1712 389 1774 luctu
406 1721 500 1774 mater
515 1714 614 1775 audito
629 1717 742 1789 stupet,

49 1864 51 1871 ¹
141 1795 286 1857 labefacta
302 1816 387 1858 mens
402 1798 571 1859 subcubuit.
604 1794 850 1874 adsurgeadleua
1078 1804 1130 1853 999

141 1883 274 1941 animum
292 1891 322 1942 et
336 1882 492 1944 cadentem
508 1884 613 1943 misera
631 1882 715 1940 lirma
731 1880 877 1958 spiritum.

110 1978 122 2027 f
183 1966 280 2037 Quam
297 1968 393 2027 tenuis
409 1969 505 2027 anima
521 1965 640 2027 uinculo
656 1964 767 2042 pendet
781 1963 849 2026 leui.

141 2052 298 2110 minimum
316 2051 453 2130 estquod
471 2050 621 2113 Hecubam
638 2051 737 2110 lacere
752 2048 869 2110 felicem
884 2056 991 2128 polest.

140 2135 231 2213 spirat
247 2135 364 2196 reuixit.
394 2138 489 2213 prima
507 2154 587 2197 mers
603 2137 728 2195 miseros
743 2134 826 2209 lugit.

140 2232 220 2281 nec,
246 2220 344 2281 adhuc
359 2220 487 2281 Achilles
503 2222 578 2281 uiuit
592 2223 623 2279 in
639 2236 750 2298 poenas
764 2218 931 2298 Phrygum,
1079 2227 1131 2277 965

140 2304 236 2365 adbuc
253 2304 385 2365 rebellat.
418 2323 435 2364 9
451 2322 570 2366 manum
587 2304 702 2365 Paridis
715 2302 824 2364 leuem.

141 2390 214 2448 cinis
230 2392 296 2467 ipse
313 2398 447 2451 nestrum
463 2392 637 2465 sanguinem
655 2407 689 2449 ac
703 2389 838 2449 tumulus
852 2389 921 2448 sitit,

109 2476 139 2533 e''
180 2474 271 2534 bledo
287 2473 372 2534 turba
389 2474 456 2535 lelix
474 2474 565 2536 latera
581 2472 719 2551 cingebat
732 2491 813 2543 mea,

140 2556 274 2619 lassabar
290 2561 321 2619 in
336 2565 379 2618 tot
394 2559 493 2620 oscula
511 2565 540 2619 et
555 2566 650 2620 tetum
666 2574 787 2636 gregem
985 2569 1011 2613 tt
1021 2570 1128 2611 xxxva

141 2641 275 2704 diuidere
291 2651 426 2705 matrem.
459 2643 520 2704 sola
536 2662 616 2705 nunc
632 2643 707 2703 baec
721 2650 872 2720 estsuper
902 2686 906 2691 -
1078 2658 1130 2709 970

140 2737 241 2789 uatum
260 2746 362 2789 cemes
376 2728 515 2789 leuamen
530 2729 666 2789 adflictae
681 2728 775 2804 quies.

140 2812 212 2873 haec
228 2820 309 2873 totus
324 2813 463 2875 Hecubae
479 2814 570 2883 letae,
587 2814 643 2874 bac
658 2811 719 2871 sola
736 2830 830 2873 uccer

140 2896 196 2957 iam
213 2916 291 2958 uoce
307 2907 410 2958 mater.
442 2899 515 2959 dura
533 2907 561 2959 et
577 2896 676 2958 inlelix
693 2913 748 2973 age

141 2980 259 3043 elabere
276 2984 383 3043 anima.
414 2984 539 3063 denique
555 2984 612 3042 bec
628 3000 720 3042 unum
737 2981 808 3041 mibi

139 3161 268 3171 -—--—-
278 3165 313 3169 -·-.
328 3165 334 3169 .

209 3273 259 3321 946
280 3268 384 3321 inunc
406 3280 426 3337 ψ
457 3268 469 3337 ll
496 3272 546 3323 879
565 3286 628 3321 sors
648 3270 723 3321 NHe.
748 3266 760 3336 Η
788 3271 838 3319 959
856 3270 1016 3333 Polyxenae
1034 3270 1060 3319 E

142 3370 284 3437 Polyxene
303 3383 326 3435 ψ
346 3374 487 3437 Polyxena
506 3375 530 3423 A
555 3370 566 3440 Η
589 3374 640 3423 ere
658 3346 773 3422 acarna
791 3372 817 3421 a
837 3368 849 3436 n
872 3333 1060 3424 99499199

143 3438 170 3499 (a
188 3449 212 3489 et
230 3442 248 3490 b
266 3456 348 3504 capra
366 3443 425 3491 add.
445 3444 523 3491 tertia
540 3440 633 3504 manaa.)
663 3437 675 3506 ΙΙ
703 3443 753 3491 963
777 3444 871 3505 potest
888 3438 1000 3492 felicem
1018 3442 1059 3490 fa·

144 3522 205 3557 cere
225 3504 273 3574 ψΙΙ
285 3510 335 3559 969
354 3514 381 3558 91
398 3509 448 3573 Ere
466 3510 495 3558 in
513 3517 536 3573 ψ
555 3516 582 3560 91
600 3510 629 3558 in
649 3506 758 3575 9111979
776 3511 899 3572 fletuum
923 3505 934 3575 11
