2550 3917
173 1014 187 1045 Θ

170 1326 193 1381 ⁰.

177 1761 190 1809 f

168 2255 193 2312 f,

206 150 246 211 14
477 165 509 211 u.
534 164 667 210 anunm
690 162 847 210 senecae

204 303 330 363 sortasse
347 301 448 370 saciet,
464 302 585 362 sordido
602 303 748 380 premitur
763 302 830 378 iugo

208 384 347 473 [cadmea
358 390 462 463 proies
475 391 666 462 civitasque
676 388 855 461 Amphionis

205 489 347 547 quorsum
362 475 538 533 excidistis?
561 474 689 532 treinitis
703 475 847 545 iqnurum
861 472 981 531 exulem

203 560 266 617 suis
281 566 434 617 corentcus
445 558 571 631 linibus,
589 559 701 617 nostris
713 558 862 630 qrouem?

205 645 258 717 qui
270 644 387 702 scelera
401 648 487 701 terru
502 645 612 717 quique
620 644 822 716 prosequitur
835 643 917 699 inuri

111 782 118 807 q
206 743 244 786 uc
258 743 354 787 sueno
370 729 450 786 iustu
464 735 587 801 sceptro
601 725 774 799 consrinqit
786 742 889 797 nunu,

205 829 286 872 nunc
301 814 396 871 seruit
411 812 518 871 absens
529 810 654 885 fertque
668 827 747 884 quoe
758 808 844 881 ferri
858 803 952 889 uetat]

205 902 372 974 tenetque
388 894 538 955 Thebas
555 892 623 955 exul
638 893 794 955 herculeas
807 892 913 970 Lycus

250 978 308 1039 Sed
324 997 384 1039 non
404 979 560 1040 tenebit.
589 980 685 1040 aderit
701 986 733 1038 ut
747 995 858 1055 poenas
873 986 954 1055 petat

205 1062 380 1141 subitusque
396 1063 431 1125 ad
448 1072 525 1123 astra
541 1072 718 1140 emerget.
747 1064 880 1123 inueniet
894 1064 988 1122 uiam

206 1156 255 1207 aut
271 1148 366 1208 saciet.
395 1148 474 1209 adsis
490 1166 592 1226 sospes
608 1159 637 1208 et
653 1166 796 1209 remees
811 1164 918 1225 precor

206 1232 385 1311 tandemque
400 1234 501 1293 uenias
518 1235 614 1292 uictor
629 1232 667 1293 ad
682 1234 789 1293 uictam
806 1232 935 1291 domum.

249 1329 332 1376 nne.
362 1317 515 1393 Emerge
532 1318 660 1377 coniunx
676 1326 764 1395 atque
779 1314 925 1393 dispulsas
939 1333 1029 1376 manu

206 1399 350 1480 abrumpe
367 1399 514 1461 tenebras,
537 1400 618 1462 nulla
634 1403 659 1460 si
675 1410 757 1461 retro
772 1402 830 1460 uia

206 1486 320 1565 iterque
336 1484 448 1547 clusum
465 1494 518 1555 est,
536 1485 608 1547 orbe
625 1486 744 1546 diducto
760 1485 841 1546 redi

207 1576 236 1629 et
251 1569 392 1649 quicquid
408 1576 470 1630 atra
486 1580 573 1631 nocte
588 1588 759 1649 possessum
775 1569 855 1638 latet,

206 1656 306 1714 emitte
323 1662 429 1714 tecum.

452 1737 563 1799 Dirutis
579 1738 701 1815 qualis
716 1741 793 1816 iugis

206 1839 350 1901 praeceps
365 1822 452 1882 citato
468 1821 582 1883 ssumini
598 1841 745 1901 quaerens
759 1825 815 1883 iter

207 1905 356 1985 quondam
372 1907 485 1977 stetisti,
502 1908 592 1967 scissa
608 1926 676 1968 cum
692 1916 777 1969 uasto
793 1910 904 1986 impetu

207 2000 331 2066 patuere
346 1990 467 2069 Tempe,
484 2002 605 2070 pectore
620 1992 756 2069 inpulsus
771 2001 823 2052 tuo

206 2077 265 2136 hnc
282 2092 367 2135 mons
383 2082 412 2135 et
427 2074 496 2137 illuc
512 2077 620 2137 cecidit
635 2087 665 2137 et
679 2094 720 2138 ru
729 2086 791 2155 pto
806 2094 915 2155 aggere

207 2178 284 2220 noua
301 2160 432 2220 cucurrit
445 2160 589 2223 thessalus
605 2171 723 2222 torrens
737 2164 802 2222 nia:

250 2243 348 2304 Talis
363 2253 501 2321 parentes
516 2244 628 2307 liberos
643 2251 767 2323 patriam
782 2256 895 2324 petens,

207 2329 361 2406 erumpe
377 2347 477 2389 rerum
494 2332 636 2390 terminos
653 2340 750 2392 tecum
767 2332 892 2391 efferens

273 2566 408 2614 272-277
426 2565 483 2613 hinc
500 2569 667 2616 remouendos
685 2571 772 2617 censui
793 2564 804 2632 {1
827 2568 877 2616 272
896 2570 955 2628 atqj
968 2566 1120 2631 ophyonius
1157 2590 1167 2596 -

206 2633 276 2682 einis
289 2632 315 2682 E
328 2632 355 2681 V
369 2632 406 2693 sin
420 2649 468 2698 quo
481 2633 620 2695 ophinins)
634 2640 660 2684 et
671 2638 708 2683 sic
717 2635 777 2697 fere
789 2644 812 2698 ψ
831 2634 901 2683 cinis
914 2637 997 2697 atque
1016 2631 1120 2697 Ophio-

205 2702 268 2749 nins
281 2716 299 2749 u
320 2700 474 2765 amphionis
487 2702 549 2750 litt
564 2702 587 2751 Τ
608 2702 781 2767 amphionius
795 2702 855 2751 [itt
875 2701 945 2750 cinis
958 2707 1044 2763 atque
1056 2702 1118 2751 Am-

205 2768 313 2833 phionis
332 2766 451 2818 Obtuncu,
472 2769 649 2832 einitasque
668 2770 827 2835 Amphionis
845 2768 921 2818 DHs.
950 2765 963 2834 {l
989 2770 1040 2819 273
1058 2770 1118 2831 Quo

205 2834 350 2885 decidistis
368 2836 393 2884 A
430 2835 558 2899 Quoirec.
586 2834 615 2899 (r
633 2840 659 2887 in
681 2837 747 2897 rus.)
765 2837 803 2885 E²
837 2837 897 2898 Quo
920 2836 973 2886 hoe
996 2851 1057 2885 sum
1079 2840 1121 2885 uei

205 2904 265 2965 Quo
278 2903 328 2951 hor
343 2919 400 2953 sum
413 2904 555 2953 excidistis
571 2904 599 2953 V
612 2907 720 2955 correxi
737 2900 750 2971 ss
769 2905 900 2969 ignauum
910 2904 935 2952 A
954 2905 964 2952 i
985 2919 1082 2953 nerum
1094 2903 1119 2951 Ε

204 2954 370 3035 ΗῙΟῙΙίξω
392 2970 418 3018 V
444 2966 456 3036 ΙΙ
484 2972 796 3037 superequitent*
819 2986 891 3037 pros.
909 2971 936 3020 V
959 2919 984 3037 li
999 2987 1075 3021 mare
1093 2973 1119 3020 in

204 3039 275 3087 mari
292 3044 409 3088 mutatum
427 3036 462 3086 Ει
486 3035 498 3104 ΙΙ
527 3041 576 3089 276
596 3040 785 3106 eonfringitE
804 3038 987 3089 ottobonianus
1011 3039 1118 3089 contre-

205 3106 246 3170 git
263 3106 320 3154 AV
341 3102 353 3172 ll
375 3106 423 3155 277
442 3106 511 3155 ferri
529 3108 675 3158 eDeirioni
695 3108 756 3157 fieri
771 3107 820 3157 VA
844 3102 856 3172 Η
884 3109 935 3156 279
953 3111 984 3155 ut
1001 3122 1027 3171 p.
1041 3110 1120 3171 petet

208 3175 233 3222 V
251 3178 279 3223 et
290 3190 316 3238 p.
325 3176 414 3239 ⁸petet
425 3173 464 3224 εΑ
486 3169 499 3239 ΙΙ
519 3176 570 3225 278
581 3175 683 3241 hospes
695 3184 718 3238 ψ
737 3172 751 3241 H
770 3189 869 3239 precor
880 3173 978 3224 uan
993 3175 1049 3223 tuis
1059 3174 1084 3223 Α
1097 3170 1110 3238 ΙΙ

207 3240 257 3291 283
275 3240 355 3291 Mne
376 3240 469 3294 EMe.
494 3242 522 3291 V
535 3259 581 3293 orn.
596 3244 620 3292 A
691 3241 912 3308 dispulsasliiifi
929 3258 993 3291 unus
1012 3242 1119 3292 Christi·

204 3325 253 3359 nue
270 3310 300 3359 ui
317 3308 412 3375 pulsas
428 3308 454 3358 V
469 3308 599 3374 depulsus
611 3312 636 3360 A
684 3311 735 3361 284
752 3310 892 3372 tenebras)
907 3312 1009 3374 priuos
1028 3314 1054 3358 in
1065 3325 1119 3361 ros.

203 3377 229 3426 E
258 3373 270 3442 H
298 3382 371 3428 retro
389 3378 415 3427 E
431 3378 520 3428 uetito
544 3379 593 3428 VA
617 3375 630 3445 ΙΙ
658 3380 708 3429 285
726 3379 857 3441 Interque
874 3394 917 3441 pr.
930 3394 961 3426 m.
985 3378 1011 3427 V
1018 3378 1081 3427 ltro

204 3445 255 3495 288
273 3444 382 3495 larmini
394 3445 523 3510 quierens
533 3446 559 3496 E
574 3443 586 3512 ss
601 3447 654 3497 294
666 3446 783 3497 efferens
796 3444 914 3508 ErtEVqr
933 3443 1084 3495 efferensA
