2550 3917
519 902 749 950 HlPPOLYTVS.

147 1046 165 1077 a
385 1008 428 1068 lte
442 1008 598 1068 umbrosas
614 1009 722 1086 cingite
737 1008 826 1069 siluas

344 1110 516 1172 summaque
531 1094 640 1153 montis
655 1095 720 1170 iuga
737 1093 876 1171 cecropii.

343 1175 432 1237 celeri
446 1177 545 1255 planta
561 1177 684 1238 lustrate
701 1180 768 1255 uagi

342 1279 433 1340 quae
448 1280 554 1322 saxoso
569 1262 633 1322 loca
650 1261 793 1323 Parnetha¹

341 1344 471 1406 subiecta
488 1348 593 1415 iacent,

342 1447 432 1508 quae
450 1431 576 1490 thriasiis
592 1430 718 1491 uallibus
734 1431 827 1491 amnis

342 1514 445 1594 rapida
461 1533 585 1575 currens
600 1514 741 1576 uerberat
755 1515 843 1575 unda.

320 1645 323 1651 .
341 1599 472 1660 scandite
488 1599 580 1661 celles
595 1618 714 1678 semper
729 1617 819 1659 canos

341 1685 410 1744 uiue
425 1683 555 1762 riphaea.

391 1853 466 1912 liae
488 1852 554 1913 hae
577 1851 624 1914 alii
648 1869 844 1932 quianernus
860 1851 916 1913 alta
1127 1870 1158 1918 10

341 1938 450 1997 texitur
465 1935 541 2004 alno,
559 1956 628 2017 qua
643 1943 725 2015 prata
742 1939 840 1998 iacent

342 2039 415 2100 quae
430 2022 556 2082 rorifera
571 2021 704 2083 muleens
720 2040 789 2082 aura

341 2106 490 2185 zephyrus
505 2123 614 2166 uernas
629 2114 734 2167 euocat
749 2104 866 2175 herbas,

341 2190 392 2250 ubi
409 2208 462 2268 per
477 2190 604 2266 graciles
619 2190 693 2251 leuis
708 2191 815 2260 llissus‚

341 2274 392 2335 ubi
408 2275 583 2336 maeandros
598 2293 652 2353 per
667 2274 835 2353 inaequales

341 2357 450 2419 labitur
465 2376 553 2436 agros
569 2363 652 2438 piger
679 2368 708 2422 et
724 2360 840 2420 steriles

342 2461 428 2504 amne
444 2442 573 2521 maligne
588 2444 665 2504 radit
680 2445 816 2505 harenas

187 2580 391 2589 W.-

244 2659 384 2712 INOIPIT
396 2661 571 2711 PHAEDRA
582 2661 895 2713 LEGI=INNOCENTI
908 2660 1109 2712 FELICITER

189 2730 213 2778 Ε
238 2728 413 2779 ΡΗΑΕΒΒΑ
431 2729 472 2778 Μ]
490 2730 525 2792 ef.
544 2731 628 2780 Prisc.
647 2747 673 2795 p.
688 2733 742 2781 253
753 2727 801 2796 (K)
837 2729 1069 2781 HIPPOLYTVS
1082 2731 1106 2778 A

260 2912 294 2961 In
312 2913 352 2961 ltss
370 2914 408 2964 hia
425 2916 539 2978 scriptae
556 2923 595 2965 eat
614 2920 712 2979 primas
729 2924 810 2971 uetus.
857 2913 869 2985 ll
914 2920 930 2966 4
956 2931 1025 2966 saxa
1051 2916 1109 2966 solo

190 2984 343 3046 carpeneto
360 2982 386 3031 Α
416 2996 515 3032 saxoso
532 2983 595 3034 loca
617 2990 735 3049 parneio
753 2987 776 3036 B
806 3001 906 3036 saxosa
925 2984 987 3035 luca
1009 2999 1107 3049 parne-

190 3047 237 3098 tho
255 3047 280 3096 E
298 3063 368 3099 corr.
381 3048 499 3115 Scaliqer
520 3046 533 3116 ss
556 3052 571 3101 6
590 3056 619 3103 et
637 3067 708 3116 quae
726 3053 825 3104 thiasis
843 3062 866 3118 ψ
886 3057 1004 3116 atquae
1023 3051 1109 3102 thria-

190 3115 228 3165 sis
246 3131 265 3165 α
292 3120 321 3165 ei
338 3117 556 3178 om.la't.I.Gr.,
575 3120 665 3170 tristis
683 3119 708 3170 E
725 3121 941 3186 eorr.I.Seoppa
969 3116 981 3186 ΙΙ
1011 3122 1043 3170 14
1060 3118 1108 3169 ubi

189 3197 238 3247 per
255 3183 361 3248 glacies
384 3185 456 3234 leuis
474 3185 582 3236 Elissus
601 3189 626 3238 Α
652 3189 700 3237 uhi
719 3205 768 3254 per
786 3189 905 3256 glaeiles
923 3188 996 3238 lenis
1016 3187 1108 3237 illisus

188 3248 222 3297 13¹
241 3250 323 3311 ‚elis‘
335 3249 372 3300 [ἢ8
389 3269 489 3303 uersum
506 3262 589 3319 orasti
607 3271 657 3320 per
669 3257 780 3322 glareas
799 3261 830 3309 os.
843 3257 926 3322 Lipa,
945 3271 998 3321 par
1015 3254 1106 3320 glacie

188 3319 218 3368 ei.
233 3317 305 3369 orat.
322 3320 486 3384 pergraeili's
498 3321 602 3385 cisto„
621 3340 690 3376 eurr.
707 3325 785 3375 Gran.
809 3321 821 3392 ΙΙ
845 3327 876 3376 15
894 3325 942 3375 ubi
955 3322 1108 3373 Maeander

189 3397 270 3450 saper
288 3387 422 3458 aequales
440 3404 459 3438 α
481 3389 644 3454 inaequales
663 3399 686 3455 ψ
704 3408 751 3442 om.
766 3391 837 3442 ΕΜ
853 3407 922 3442 corr.
938 3391 976 3445 M.
986 3392 1085 3454 Haupt.
1099 3385 1109 3454 i

190 3453 221 3502 16
240 3452 346 3504 stanles
363 3455 389 3504 E
418 3452 430 3520 ΙΙ
