2550 3917
534 232 733 308 uaaueuua
795 300 798 302 v
1030 222 1090 284 351

217 384 327 432 AGAM.
351 371 535 432 Veneremur
551 390 641 432 arae

174 469 248 517 GAS.
673 457 779 517 cecidit
794 464 861 517 aute
877 475 960 517 aras
977 467 1069 536 pater.

217 554 327 603 AGAM.
351 541 475 601 leuem
493 558 651 618 precemur
666 544 788 619 pariter.

174 639 248 688 cAS.
794 627 934 687 herceum
950 627 1093 688 leuem?
1111 644 1161 692 830

218 723 326 772 AGAM.
351 710 453 772 Credis
470 709 572 770 uidere
588 717 618 769 te
633 709 761 770 ilium?

175 809 249 856 OAS.
745 804 773 856 et
788 796 977 856 Priamum
993 797 1090 858 simul.

219 893 327 940 aeaut.
351 880 405 939 Hie
420 880 530 939 Troia
548 886 677 939 nonest.

174 978 249 1026 cus.
573 962 685 1024 Helena
703 963 754 1023 uhi
770 972 829 1034 est,
847 964 993 1026 Troiam
1010 975 1090 1045 puta.

218 1061 326 1108 Auum.
351 1049 394 1108 Ne
410 1058 509 1110 metue
525 1048 673 1108 dominam
692 1049 836 1109 famula.

173 1146 247 1193 OAS.
821 1133 983 1196 libertas
999 1137 1089 1198 adesi.

217 1230 326 1278 AGAM.
351 1217 490 1278 Secura
508 1218 586 1278 uiue.

173 1315 246 1362 cua.
488 1359 491 1364 ,
612 1302 683 1362 milri
699 1304 775 1362 mari
791 1311 837 1364 est
851 1305 1046 1365 securitas

217 1399 325 1446 AGAM.
349 1385 468 1447 Nullum
487 1392 531 1446 est
546 1387 690 1465 periclum
708 1387 865 1448 tibimet.
1110 1406 1159 1455 835

173 1484 246 1531 cua.
808 1483 838 1532 at
853 1491 992 1550 maguum
1010 1473 1088 1534 tihi.

216 1568 324 1615 aeaut,
351 1557 448 1615 Vietor
465 1557 600 1616 timere
616 1557 685 1635 quid
702 1557 818 1636 potest?

173 1653 246 1700 cae.
805 1641 883 1720 quud
899 1659 957 1701 uon
975 1643 1088 1703 timet.

216 1821 325 1869 Attum.
350 1809 433 1869 Hane
449 1809 506 1868 uda
529 1808 631 1869 famuli
647 1809 734 1869 turba
751 1810 820 1870 dum
842 1811 969 1870 excutiat
985 1812 1088 1883 deum,

172 1894 312 1964 retinete,
329 1911 367 1952 ue
384 1893 453 1971 quid
470 1896 607 1971 inpotens
622 1902 728 1970 peccet
743 1895 836 1955 furor.

216 1978 251 2036 At
266 1985 294 2038 te
310 1986 393 2056 pater
409 1979 458 2057 qui
474 1997 561 2038 saeua
579 1985 701 2057 torques
717 1979 837 2039 fulmina

173 2061 317 2140 pellisque
332 2063 441 2132 nubes,
459 2063 553 2123 sidera
571 2070 600 2122 et
617 2071 712 2123 terras
727 2065 823 2141 regis,

172 2146 209 2207 ad
227 2165 313 2226 quem
330 2148 474 2226 triumphi
489 2147 583 2231 spolia
599 2149 728 2208 uictores
742 2149 857 2219 ierunt,

173 2239 203 2292 et
218 2237 246 2291 te
262 2250 397 2292 sororem
413 2239 517 2292 cuneta
533 2231 672 2311 polientis
688 2233 744 2292 uiri

172 2314 301 2392 argolica
316 2316 389 2377 que
404 2335 514 2394 pecore
530 2318 630 2377 uotiua
647 2316 743 2376 libens
774 2387 776 2389 ¹

95 2433 99 2440 ·
170 2399 361 2480 Arabumque
377 2402 462 2461 donis
477 2401 609 2480 supplice
625 2409 654 2462 et
669 2401 743 2461 fibra
760 2400 864 2462 colam.

238 2842 289 2891 830
301 2841 430 2904 hereeum
441 2840 467 2888 E
479 2841 616 2891 Herceum
628 2841 654 2889 Α
667 2828 825 2889 her'euleum
839 2848 862 2903 ψ
874 2834 885 2904 Η
898 2842 946 2890 831
961 2845 989 2890 et
1001 2843 1089 2892 delen·

170 2910 229 2958 dum
241 2916 327 2958 censet
340 2909 393 2958 GH.
413 2903 424 2973 ΙΙ
441 2909 490 2958 832
502 2909 557 2960 Vbi
569 2908 679 2958 Helena
692 2911 735 2956 est
747 2925 768 2958 ω
785 2908 883 2959 H.,ubi
895 2912 938 2956 eet
949 2907 1057 2961 BScltm.
1074 2910 1087 2973 ΙΙ

170 2977 221 3026 834
239 2976 306 3024 mihi
324 2976 393 3026 mori
412 2981 454 3025 eet
471 2977 496 3025 E
514 2991 585 3026 mors
598 2976 665 3024 mihi
679 2980 722 3025 est
735 2977 760 3025 Α
773 2972 784 3041 ΙΙ
796 2976 846 3025 835
864 2975 1053 3041 periculumm
1073 2977 1087 3040 Η

146 3060 148 3064 ·
169 3058 301 3107 magnum
313 3043 367 3093 tibi
380 3047 422 3093 est
434 3045 459 3093 Α
479 3048 520 3094 eat
533 3060 579 3094 om.
592 3043 618 3091 E
634 3039 646 3108 Η
666 3045 716 3094 842
736 3042 969 3106 eunetipollentis
983 3045 1058 3095 ulis.
1071 3044 1086 3108 Η

119 3163 122 3168 Δ
168 3119 230 3175 poet
247 3129 271 3161 u.
285 3113 335 3162 844
353 3119 431 3162 totam
448 3127 565 3162 scaenam
582 3113 702 3160 interisse
719 3113 846 3175 recepicor.
870 3106 881 3176 {i
