2550 3917
184 197 247 263 148
456 213 489 260 u.
514 214 647 260 Annum
671 214 828 262 sunnone

180 353 299 414 reclinis
314 354 378 431 ipse
395 351 473 412 sodis
489 358 608 413 auratae
623 359 689 412 toro

180 436 283 498 solitos
298 439 423 498 amictus
437 446 537 498 urente
552 454 613 496 non
628 455 698 497 sana
716 439 827 499 abnuit.

130 522 168 582 b''
222 536 279 583 ΡΗ.
304 522 466 582 Remouete
480 521 607 582 samniae
622 539 755 600 purpura
772 530 859 602 atque
876 540 948 583 auro
964 522 1061 584 inlitas
1117 536 1172 585 395

179 614 287 668 uestes
316 606 423 685 procul
439 607 476 666 sit
491 608 613 666 muricis
627 607 694 686 tyrii
711 607 818 674 rubor,

181 691 275 772 [quoe
287 694 342 763 filo
357 695 451 751 ramis
466 695 565 752 ultimi
578 692 668 752 Seres
682 690 807 772 tepent]

179 775 281 836 breuis
299 776 451 853 expeditos
466 793 539 836 zona
556 778 739 852 constringat
756 779 847 836 sinus.

180 861 282 920 ceruix
298 859 399 920 monili
415 877 509 920 uacua
524 878 580 920 nec
597 862 702 920 niueus
718 859 792 939 iupis

180 945 307 1004 deducat
321 945 401 1005 euris
417 945 506 1004 indici
521 943 632 1004 donum
648 946 749 1006 meris.

179 1028 271 1089 odore
287 1030 376 1089 crinis
392 1047 512 1107 sparsus
528 1031 640 1107 assyrio
656 1036 756 1090 uacet:

179 1117 221 1173 sic
236 1121 349 1174 temere
365 1116 460 1174 iactae
476 1112 551 1173 oolla
565 1113 748 1192 perfundant
763 1133 865 1175 comae

179 1216 359 1275 umerosque
375 1216 521 1267 summos,
546 1197 683 1259 cursibus
698 1207 795 1259 motae
811 1201 875 1260 citis

178 1293 284 1343 uentos
300 1290 470 1361 sequantur.
502 1281 587 1342 laeua
602 1302 635 1343 se
650 1283 808 1362 pharetrae
825 1283 921 1346 dabit:

178 1366 283 1428 hastile
298 1366 397 1427 uibret
412 1367 512 1427 dextre
530 1366 718 1427 thessalicum
735 1387 848 1429 munus

179 1451 280 1532 [Totis
293 1456 393 1518 seueri
405 1460 504 1513 muter
517 1454 679 1530 Hippolyti
689 1452 778 1532 fuit]

115 1538 119 1546 '
145 1537 170 1596 α’
224 1535 324 1606 Qualis
338 1535 448 1596 relictis
464 1536 562 1614 frigidi
578 1539 662 1613 ponti
677 1536 771 1614 plagis

180 1621 239 1697 egit
256 1628 391 1681 cateruas
406 1622 527 1681 atticum
543 1620 664 1698 pulsans
681 1622 775 1681 solurn

178 1705 309 1765 Tanaitis
324 1713 374 1764 aut
389 1705 511 1765 Maeotis
527 1712 556 1764 et
572 1706 650 1766 uodo
666 1724 766 1765 cornus

179 1790 275 1866 coegit
290 1790 445 1865 emisitque
461 1788 560 1849 lunate
575 1787 653 1850 lotus

177 1881 310 1951 protecta
326 1872 419 1952 pelta:
442 1873 509 1934 talis
524 1875 554 1934 in
569 1873 659 1934 siluas
675 1874 762 1934 ierer.

179 1970 281 2018 cflolt.
306 1976 418 2037 sepone
434 1966 570 2036 questus:
592 1977 653 2018 non
668 1957 749 2020 leuet
763 1961 887 2020 miseros
903 1958 1003 2029 dolor,
1098 2023 1104 2036 ,

178 2050 295 2119 agreste
311 2042 394 2121 place
410 2043 534 2120 uirginis
549 2061 660 2103 numen
677 2043 757 2104 deae.

437 2255 667 2305 HIPPOLYTVS.
691 2259 832 2306 NVTRIX.

146 2408 163 2440 a
223 2393 302 2440 nvp.
326 2378 439 2456 Regina
456 2384 612 2461 neruorum
626 2378 688 2440 sola
706 2398 782 2458 quae
797 2389 914 2442 rnontes
929 2381 1002 2442 colis

178 2470 281 2524 etune
297 2462 367 2523 soiis
383 2463 532 2524 montibus
547 2462 655 2524 coleris
671 2464 740 2533 den,

178 2558 320 2609 conuerte
334 2550 432 2608 tristes
448 2549 578 2608 omnium
595 2549 623 2607 in
641 2547 745 2609 rnelius
760 2550 863 2610 mines.

143 2658 161 2706 b
224 2632 370 2709 Omegne
387 2632 476 2693 siluas
491 2634 568 2693 inter
584 2642 613 2693 et
626 2634 710 2694 lucos
726 2634 780 2694 dee

247 2888 297 2936 395
322 2900 470 2949 purpuram
495 2886 522 2934 Α
550 2896 712 2950 purpurarp
741 2893 946 3019 purpurautque
969 2906 1037 2940 corr.
1058 2905 1093 2941 ex

177 2959 382 3019 purpuraetque
407 2951 444 3001 E¹
467 2948 480 3017 ΙΙ
503 2955 551 3002 397
575 2958 623 3004 del.
649 2956 718 3004 R.P.
775 2957 826 3005 400
844 2955 955 3006 diducat
973 2973 992 3006 u
1011 2953 1024 3023 ss
1043 2959 1094 3008 406

178 3022 244 3070 telis
263 3021 353 3069 relicti
372 3023 404 3071 ei.
419 3021 492 3072 uror.
517 3022 606 3084 quatis
625 3025 656 3070 ei.
674 3022 870 3073 Valckenarius.
888 3039 988 3074 uersum
1004 3027 1095 3075 sustuli

178 3106 231 3138 eum
250 3089 328 3138 NHs.
346 3085 357 3152 ii
377 3090 428 3137 409
446 3090 575 3139 tanatois
588 3088 632 3152 (ot.
647 3090 765 3139 tanatris
778 3094 819 3140 uel
830 3091 934 3157 tannis)
954 3097 1003 3141 aut
1020 3108 1093 3142 meo-

178 3157 213 3206 tis
227 3154 271 3219 (ot
285 3153 432 3219 motoisW
456 3161 505 3206 aut
523 3159 617 3206 tanais
636 3162 685 3206 eut
698 3160 815 3208 maeotis
833 3174 852 3208 ot
870 3160 962 3209 tenuis
976 3161 1027 3210 alti
1045 3164 1095 3210 aut

178 3223 297 3273 maeotis
314 3222 339 3271 E
357 3224 474 3274 tansitis
493 3229 541 3274 aut
558 3226 676 3275 maeotis
695 3228 751 3275 eod.
775 3228 916 3278 Vossianus
931 3224 942 3293 [Ι
963 3229 1010 3278 411
1030 3243 1092 3292 pro·

178 3292 252 3341 iectu
270 3292 302 3342 ci.
320 3290 345 3340 Ι.
353 3291 432 3344 Grou.
457 3288 468 3358 ΙΙ
488 3295 538 3342 412
557 3292 702 3342 CHORVS
721 3294 747 3342 E
764 3294 845 3346 NVT.
864 3295 889 3343 Α
910 3291 921 3360 d
941 3295 1047 3359 depone
1068 3296 1091 3345 Α

133 3379 136 3387 ¹
177 3373 280 3421 sepone
299 3371 312 3409 ε
328 3367 389 3421 post
406 3361 470 3409 dune
488 3378 512 3410 u.
524 3363 551 3410 in
563 3362 588 3409 Α
607 3362 699 3423 legitur
716 3378 741 3410 u.
757 3365 808 3411 367
830 3358 841 3427 11
864 3368 923 3425 post
936 3365 989 3413 413
1007 3363 1093 3412 ΗΥΡ-

178 3425 333 3476 Potiu-vs
352 3427 490 3476 NVTRIX
507 3428 532 3475 E
550 3429 648 3476 Nutrix
660 3428 820 3493 Ypolitusp
836 3445 1006 3494 personarum
1017 3438 1093 3482 uotae

176 3494 268 3541 desunt
285 3496 311 3542 iu
329 3510 347 3543 u
368 3490 380 3559 Η
399 3497 449 3543 417
467 3496 540 3544 inter
558 3495 658 3546 educes
676 3495 701 3543 Ε
723 3491 735 3560 [Ι
