<?xml version="1.0" encoding="UTF-8"?>
<!DOCTYPE html PUBLIC "-//W3C//DTD XHTML 1.0 Transitional//EN"
    "http://www.w3.org/TR/xhtml1/DTD/xhtml1-transitional.dtd">
<html xmlns="http://www.w3.org/1999/xhtml" xml:lang="en" lang="en">
 <head>
  <title>
</title>
<meta http-equiv="Content-Type" content="text/html;charset=utf-8" />
  <meta name='ocr-system' content='tesseract 3.04.00' />
  <meta name='ocr-capabilities' content='ocr_page ocr_carea ocr_par ocr_line ocrx_word'/>
</head>
<body>
  <div class='ocr_page' id='page_1' title='image "./lannaeisenecaet00richgoog_0078.png"; bbox 0 0 2550 3917; ppageno 0'>
   <div class='ocr_carea' id='block_1_1' title="bbox 429 158 800 241">
    <p class='ocr_par' dir='ltr' id='par_1_1' title="bbox 429 158 800 241">
     <span class='ocr_line' id='line_1_1' title="bbox 429 158 800 241; baseline 0 -21"><span class='ocrx_word' id='word_1_1' title='bbox 429 172 611 220; x_wconf 74' lang='lat' dir='ltr'><strong>enervens</strong></span> <span class='ocrx_word' id='word_1_2' title='bbox 635 158 800 241; x_wconf 77' lang='lat' dir='ltr'><strong>[nunnus]</strong></span> 
     </span>
    </p>
   </div>
   <div class='ocr_carea' id='block_1_2' title="bbox 128 312 844 816">
    <p class='ocr_par' dir='ltr' id='par_1_2' title="bbox 128 312 844 816">
     <span class='ocr_line' id='line_1_2' title="bbox 128 312 844 391; baseline -0.013 -10"><span class='ocrx_word' id='word_1_3' title='bbox 128 333 143 381; x_wconf 82' lang='lat' dir='ltr'><strong>d</strong></span> <span class='ocrx_word' id='word_1_4' title='bbox 201 314 268 375; x_wconf 90' lang='lat' dir='ltr'><strong>Nun</strong></span> <span class='ocrx_word' id='word_1_5' title='bbox 283 313 367 374; x_wconf 89' lang='lat' dir='ltr'><strong>iliic</strong></span> <span class='ocrx_word' id='word_1_6' title='bbox 382 314 532 389; x_wconf 81' lang='lat' dir='ltr'><strong>geminum</strong></span> <span class='ocrx_word' id='word_1_7' title='bbox 548 312 733 391; x_wconf 78' lang='lat' dir='ltr'><strong>Tyndaridae</strong></span> <span class='ocrx_word' id='word_1_8' title='bbox 748 330 844 390; x_wconf 84' lang='lat' dir='ltr'><strong>genus</strong></span> 
     </span>
     <span class='ocr_line' id='line_1_3' title="bbox 158 397 726 461; baseline -0.011 0"><span class='ocrx_word' id='word_1_9' title='bbox 158 410 339 461; x_wconf 86' lang='lat' dir='ltr'><strong>succurrunt</strong></span> <span class='ocrx_word' id='word_1_10' title='bbox 355 397 462 458; x_wconf 87' lang='lat' dir='ltr'><strong>timidis</strong></span> <span class='ocrx_word' id='word_1_11' title='bbox 478 398 575 457; x_wconf 89' lang='lat' dir='ltr'><strong>sidera</strong></span> <span class='ocrx_word' id='word_1_12' title='bbox 591 397 726 456; x_wconf 86' lang='lat' dir='ltr'><strong>nauibus.</strong></span> 
     </span>
     <span class='ocr_line' id='line_1_4' title="bbox 159 480 774 562; baseline -0.005 -17"><span class='ocrx_word' id='word_1_13' title='bbox 159 492 214 545; x_wconf 90' lang='lat' dir='ltr'><strong>stat</strong></span> <span class='ocrx_word' id='word_1_14' title='bbox 228 486 315 561; x_wconf 89' lang='lat' dir='ltr'><strong>nigro</strong></span> <span class='ocrx_word' id='word_1_15' title='bbox 331 482 453 562; x_wconf 83' lang='lat' dir='ltr'><strong>pelagus</strong></span> <span class='ocrx_word' id='word_1_16' title='bbox 469 483 587 558; x_wconf 78' lang='lat' dir='ltr'>gurgite</span> <span class='ocrx_word' id='word_1_17' title='bbox 601 480 774 559; x_wconf 82' lang='lat' dir='ltr'><strong>languidum</strong></span> 
     </span>
     <span class='ocr_line' id='line_1_5' title="bbox 159 565 752 645; baseline -0.003 -16"><span class='ocrx_word' id='word_1_18' title='bbox 159 578 270 629; x_wconf 90' lang='lat' dir='ltr'><strong>etcum</strong></span> <span class='ocrx_word' id='word_1_19' title='bbox 285 586 368 629; x_wconf 86' lang='lat' dir='ltr'><strong>mors</strong></span> <span class='ocrx_word' id='word_1_20' title='bbox 382 566 475 627; x_wconf 90' lang='lat' dir='ltr'><strong>auidis</strong></span> <span class='ocrx_word' id='word_1_21' title='bbox 491 565 596 645; x_wconf 86' lang='lat' dir='ltr'><strong>pallida</strong></span> <span class='ocrx_word' id='word_1_22' title='bbox 613 566 752 627; x_wconf 83' lang='lat' dir='ltr'><strong>dentibus</strong></span> 
     </span>
     <span class='ocr_line' id='line_1_6' title="bbox 158 650 719 732; baseline -0.004 -19"><span class='ocrx_word' id='word_1_23' title='bbox 158 660 262 732; x_wconf 82' lang='lat' dir='ltr'><strong>gentes</strong></span> <span class='ocrx_word' id='word_1_24' title='bbox 277 653 448 713; x_wconf 90' lang='lat' dir='ltr'><strong>innumeras</strong></span> <span class='ocrx_word' id='word_1_25' title='bbox 463 650 599 711; x_wconf 90' lang='lat' dir='ltr'><strong>manibus</strong></span> <span class='ocrx_word' id='word_1_26' title='bbox 614 650 719 722; x_wconf 72' lang='lat' dir='ltr'><strong>intulit,</strong></span> 
     </span>
     <span class='ocr_line' id='line_1_7' title="bbox 158 735 703 816; baseline -0.004 -19"><span class='ocrx_word' id='word_1_27' title='bbox 158 756 217 798; x_wconf 90' lang='lat' dir='ltr'><strong>uno</strong></span> <span class='ocrx_word' id='word_1_28' title='bbox 233 744 277 797; x_wconf 87' lang='lat' dir='ltr'><strong>tut</strong></span> <span class='ocrx_word' id='word_1_29' title='bbox 292 735 395 816; x_wconf 87' lang='lat' dir='ltr'><strong>pepuli</strong></span> <span class='ocrx_word' id='word_1_30' title='bbox 411 736 522 813; x_wconf 84' lang='lat' dir='ltr'><strong>remige</strong></span> <span class='ocrx_word' id='word_1_31' title='bbox 539 742 703 795; x_wconf 87' lang='lat' dir='ltr'><strong>transeunt.</strong></span> 
     </span>
    </p>
   </div>
   <div class='ocr_carea' id='block_1_3' title="bbox 121 903 834 1405">
    <p class='ocr_par' dir='ltr' id='par_1_3' title="bbox 121 903 834 1405">
     <span class='ocr_line' id='line_1_8' title="bbox 121 903 834 984; baseline -0.001 -20"><span class='ocrx_word' id='word_1_32' title='bbox 121 914 145 973; x_wconf 84' lang='lat' dir='ltr'><strong>d&#39;</strong></span> <span class='ocrx_word' id='word_1_33' title='bbox 200 905 267 966; x_wconf 84' lang='lat' dir='ltr'><strong>llic</strong></span> <span class='ocrx_word' id='word_1_34' title='bbox 283 906 332 983; x_wconf 89' lang='lat' dir='ltr'><strong>qui</strong></span> <span class='ocrx_word' id='word_1_35' title='bbox 348 924 400 965; x_wconf 87' lang='lat' dir='ltr'><strong>rex</strong></span> <span class='ocrx_word' id='word_1_36' title='bbox 416 904 533 984; x_wconf 87' lang='lat' dir='ltr'><strong>pupulis</strong></span> <span class='ocrx_word' id='word_1_37' title='bbox 548 903 684 982; x_wconf 89' lang='lat' dir='ltr'><strong>pluribus</strong></span> <span class='ocrx_word' id='word_1_38' title='bbox 699 906 834 984; x_wconf 87' lang='lat' dir='ltr'><strong>imperat,</strong></span> 
     </span>
     <span class='ocr_line' id='line_1_9' title="bbox 159 988 756 1067; baseline -0.003 -18"><span class='ocrx_word' id='word_1_39' title='bbox 159 989 238 1051; x_wconf 89' lang='lat' dir='ltr'><strong>bellu</strong></span> <span class='ocrx_word' id='word_1_40' title='bbox 255 1008 322 1050; x_wconf 89' lang='lat' dir='ltr'><strong>cum</strong></span> <span class='ocrx_word' id='word_1_41' title='bbox 338 998 455 1067; x_wconf 78' lang='lat' dir='ltr'><strong>peteres</strong></span> <span class='ocrx_word' id='word_1_42' title='bbox 471 996 637 1049; x_wconf 87' lang='lat' dir='ltr'><strong>nestoream</strong></span> <span class='ocrx_word' id='word_1_43' title='bbox 656 988 756 1067; x_wconf 78' lang='lat' dir='ltr'><strong>Pylon,</strong></span> 
     </span>
     <span class='ocr_line' id='line_1_10' title="bbox 159 1072 720 1152; baseline -0.007 -17"><span class='ocrx_word' id='word_1_44' title='bbox 159 1082 258 1135; x_wconf 89' lang='lat' dir='ltr'><strong>tecum</strong></span> <span class='ocrx_word' id='word_1_45' title='bbox 276 1075 427 1135; x_wconf 83' lang='lat' dir='ltr'><strong>conseruit</strong></span> <span class='ocrx_word' id='word_1_46' title='bbox 443 1072 598 1152; x_wconf 81' lang='lat' dir='ltr'><strong>pestiteras</strong></span> <span class='ocrx_word' id='word_1_47' title='bbox 614 1091 720 1133; x_wconf 91' lang='lat' dir='ltr'><strong>manus</strong></span> 
     </span>
     <span class='ocr_line' id='line_1_11' title="bbox 157 1158 771 1235; baseline -0.003 -16"><span class='ocrx_word' id='word_1_48' title='bbox 157 1159 252 1219; x_wconf 91' lang='lat' dir='ltr'><strong>telum</strong></span> <span class='ocrx_word' id='word_1_49' title='bbox 270 1160 431 1235; x_wconf 84' lang='lat' dir='ltr'><strong>tergemina</strong></span> <span class='ocrx_word' id='word_1_50' title='bbox 449 1158 571 1235; x_wconf 85' lang='lat' dir='ltr'><strong>cuspide</strong></span> <span class='ocrx_word' id='word_1_51' title='bbox 588 1158 771 1234; x_wconf 81' lang='lat' dir='ltr'><strong>praeterens.</strong></span> 
     </span>
     <span class='ocr_line' id='line_1_12' title="bbox 159 1241 634 1321; baseline -0.008 -16"><span class='ocrx_word' id='word_1_52' title='bbox 159 1244 263 1321; x_wconf 83' lang='lat' dir='ltr'><strong>effugit</strong></span> <span class='ocrx_word' id='word_1_53' title='bbox 278 1244 359 1303; x_wconf 89' lang='lat' dir='ltr'><strong>tenui</strong></span> <span class='ocrx_word' id='word_1_54' title='bbox 376 1241 500 1303; x_wconf 91' lang='lat' dir='ltr'><strong>uulnere</strong></span> <span class='ocrx_word' id='word_1_55' title='bbox 516 1242 634 1301; x_wconf 89' lang='lat' dir='ltr'><strong>saucius</strong></span> 
     </span>
     <span class='ocr_line' id='line_1_13' title="bbox 160 1327 730 1405; baseline -0.004 -18"><span class='ocrx_word' id='word_1_56' title='bbox 160 1336 188 1387; x_wconf 92' lang='lat' dir='ltr'><strong>et</strong></span> <span class='ocrx_word' id='word_1_57' title='bbox 203 1328 308 1387; x_wconf 85' lang='lat' dir='ltr'><strong>mortis</strong></span> <span class='ocrx_word' id='word_1_58' title='bbox 324 1327 461 1387; x_wconf 89' lang='lat' dir='ltr'><strong>domiuus</strong></span> <span class='ocrx_word' id='word_1_59' title='bbox 477 1328 629 1405; x_wconf 88' lang='lat' dir='ltr'><strong>pertimuit</strong></span> <span class='ocrx_word' id='word_1_60' title='bbox 643 1327 730 1386; x_wconf 87' lang='lat' dir='ltr'><strong>muri.</strong></span> 
     </span>
    </p>
   </div>
   <div class='ocr_carea' id='block_1_4' title="bbox 126 1494 868 1998">
    <p class='ocr_par' dir='ltr' id='par_1_4' title="bbox 126 1494 868 1998">
     <span class='ocr_line' id='line_1_14' title="bbox 126 1494 825 1573; baseline -0.003 -16"><span class='ocrx_word' id='word_1_61' title='bbox 126 1530 141 1563; x_wconf 74' lang='lat'>0</span> <span class='ocrx_word' id='word_1_62' title='bbox 202 1497 307 1557; x_wconf 85' lang='lat' dir='ltr'><strong>Fatum</strong></span> <span class='ocrx_word' id='word_1_63' title='bbox 324 1513 430 1573; x_wconf 86' lang='lat' dir='ltr'><strong>rumpe</strong></span> <span class='ocrx_word' id='word_1_64' title='bbox 445 1512 550 1555; x_wconf 88' lang='lat' dir='ltr'><strong>mauu:</strong></span> <span class='ocrx_word' id='word_1_65' title='bbox 574 1494 708 1555; x_wconf 88' lang='lat' dir='ltr'><strong>tristibus</strong></span> <span class='ocrx_word' id='word_1_66' title='bbox 722 1495 825 1555; x_wconf 88' lang='lat' dir='ltr'><strong>inieris</strong></span> 
     </span>
     <span class='ocr_line' id='line_1_15' title="bbox 159 1579 695 1660; baseline -0.004 -19"><span class='ocrx_word' id='word_1_67' title='bbox 159 1586 335 1660; x_wconf 88' lang='lat' dir='ltr'><strong>prospectus</strong></span> <span class='ocrx_word' id='word_1_68' title='bbox 350 1586 449 1658; x_wconf 89' lang='lat' dir='ltr'><strong>pateat</strong></span> <span class='ocrx_word' id='word_1_69' title='bbox 462 1579 537 1639; x_wconf 89' lang='lat' dir='ltr'><strong>lunis</strong></span> <span class='ocrx_word' id='word_1_70' title='bbox 553 1588 581 1639; x_wconf 89' lang='lat' dir='ltr'><strong>et</strong></span> <span class='ocrx_word' id='word_1_71' title='bbox 596 1580 695 1639; x_wconf 88' lang='lat' dir='ltr'><strong>innius</strong></span> 
     </span>
     <span class='ocr_line' id='line_1_16' title="bbox 159 1663 749 1742; baseline 0 -16"><span class='ocrx_word' id='word_1_72' title='bbox 159 1665 246 1726; x_wconf 88' lang='lat' dir='ltr'><strong>limes</strong></span> <span class='ocrx_word' id='word_1_73' title='bbox 263 1665 313 1725; x_wconf 87' lang='lat' dir='ltr'><strong>det</strong></span> <span class='ocrx_word' id='word_1_74' title='bbox 328 1663 428 1724; x_wconf 78' lang='lat' dir='ltr'><strong>faciles</strong></span> <span class='ocrx_word' id='word_1_75' title='bbox 444 1664 486 1723; x_wconf 93' lang='lat' dir='ltr'><strong>ad</strong></span> <span class='ocrx_word' id='word_1_76' title='bbox 501 1682 662 1742; x_wconf 88' lang='lat' dir='ltr'><strong>superos</strong></span> <span class='ocrx_word' id='word_1_77' title='bbox 677 1665 749 1726; x_wconf 87' lang='lat' dir='ltr'><strong>uias.</strong></span> 
     </span>
     <span class='ocr_line' id='line_1_17' title="bbox 159 1748 677 1827; baseline -0.006 -17"><span class='ocrx_word' id='word_1_78' title='bbox 159 1751 280 1810; x_wconf 87' lang='lat' dir='ltr'><strong>inmites</strong></span> <span class='ocrx_word' id='word_1_79' title='bbox 295 1750 391 1827; x_wconf 84' lang='lat' dir='ltr'><strong>potuit</strong></span> <span class='ocrx_word' id='word_1_80' title='bbox 406 1748 527 1809; x_wconf 85' lang='lat' dir='ltr'><strong>flectere</strong></span> <span class='ocrx_word' id='word_1_81' title='bbox 544 1748 677 1808; x_wconf 86' lang='lat' dir='ltr'><strong>cantibus</strong></span> 
     </span>
     <span class='ocr_line' id='line_1_18' title="bbox 160 1833 868 1912; baseline -0.003 -17"><span class='ocrx_word' id='word_1_82' title='bbox 160 1834 379 1895; x_wconf 89' lang='lat' dir='ltr'><strong>umbrarum</strong></span> <span class='ocrx_word' id='word_1_83' title='bbox 401 1833 571 1893; x_wconf 84' lang='lat' dir='ltr'><strong>dominos</strong></span> <span class='ocrx_word' id='word_1_84' title='bbox 591 1839 620 1893; x_wconf 89' lang='lat' dir='ltr'><strong>et</strong></span> <span class='ocrx_word' id='word_1_85' title='bbox 637 1852 726 1911; x_wconf 87' lang='lat' dir='ltr'><strong>prece</strong></span> <span class='ocrx_word' id='word_1_86' title='bbox 742 1834 868 1912; x_wconf 91' lang='lat' dir='ltr'><strong>supplici</strong></span> 
     </span>
     <span class='ocr_line' id='line_1_19' title="bbox 160 1917 812 1998; baseline -0.005 -18"><span class='ocrx_word' id='word_1_87' title='bbox 160 1918 310 1997; x_wconf 87' lang='lat' dir='ltr'><strong>Orpheus,</strong></span> <span class='ocrx_word' id='word_1_88' title='bbox 327 1917 494 1998; x_wconf 78' lang='lat' dir='ltr'><strong>Eurydicen</strong></span> <span class='ocrx_word' id='word_1_89' title='bbox 512 1918 582 1978; x_wconf 91' lang='lat' dir='ltr'><strong>dum</strong></span> <span class='ocrx_word' id='word_1_90' title='bbox 599 1921 706 1995; x_wconf 86' lang='lat' dir='ltr'><strong>repetit</strong></span> <span class='ocrx_word' id='word_1_91' title='bbox 720 1936 812 1979; x_wconf 89' lang='lat' dir='ltr'><strong>suam.</strong></span> 
     </span>
    </p>
   </div>
   <div class='ocr_carea' id='block_1_5' title="bbox 132 2084 837 2485">
    <p class='ocr_par' dir='ltr' id='par_1_5' title="bbox 132 2084 837 2485">
     <span class='ocr_line' id='line_1_20' title="bbox 132 2084 833 2164; baseline -0.001 -18"><span class='ocrx_word' id='word_1_92' title='bbox 132 2102 145 2151; x_wconf 84' lang='lat' dir='ltr'><strong>f</strong></span> <span class='ocrx_word' id='word_1_93' title='bbox 208 2084 307 2155; x_wconf 83' lang='lat' dir='ltr'><strong>Quae</strong></span> <span class='ocrx_word' id='word_1_94' title='bbox 323 2085 412 2146; x_wconf 89' lang='lat' dir='ltr'><strong>siluas</strong></span> <span class='ocrx_word' id='word_1_95' title='bbox 429 2093 457 2144; x_wconf 91' lang='lat' dir='ltr'><strong>et</strong></span> <span class='ocrx_word' id='word_1_96' title='bbox 472 2104 542 2146; x_wconf 89' lang='lat' dir='ltr'><strong>aues</strong></span> <span class='ocrx_word' id='word_1_97' title='bbox 558 2103 686 2164; x_wconf 82' lang='lat' dir='ltr'><strong>saxaque</strong></span> <span class='ocrx_word' id='word_1_98' title='bbox 702 2093 833 2147; x_wconf 81' lang='lat' dir='ltr'><strong>traxerat</strong></span> 
     </span>
     <span class='ocr_line' id='line_1_21' title="bbox 161 2170 837 2249; baseline -0.003 -17"><span class='ocrx_word' id='word_1_99' title='bbox 161 2189 226 2240; x_wconf 88' lang='lat' dir='ltr'><strong>ars,</strong></span> <span class='ocrx_word' id='word_1_100' title='bbox 243 2188 336 2249; x_wconf 88' lang='lat' dir='ltr'><strong>quae</strong></span> <span class='ocrx_word' id='word_1_101' title='bbox 349 2170 529 2247; x_wconf 85' lang='lat' dir='ltr'><strong>praebuerat</strong></span> <span class='ocrx_word' id='word_1_102' title='bbox 543 2170 715 2231; x_wconf 84' lang='lat' dir='ltr'><strong>fluminibus</strong></span> <span class='ocrx_word' id='word_1_103' title='bbox 730 2189 837 2240; x_wconf 87' lang='lat' dir='ltr'><strong>moras,</strong></span> 
     </span>
     <span class='ocr_line' id='line_1_22' title="bbox 161 2255 777 2317; baseline -0.002 -1"><span class='ocrx_word' id='word_1_104' title='bbox 161 2257 198 2317; x_wconf 92' lang='lat' dir='ltr'><strong>ad</strong></span> <span class='ocrx_word' id='word_1_105' title='bbox 215 2256 319 2316; x_wconf 88' lang='lat' dir='ltr'><strong>euius</strong></span> <span class='ocrx_word' id='word_1_106' title='bbox 334 2255 462 2315; x_wconf 90' lang='lat' dir='ltr'><strong>sonitum</strong></span> <span class='ocrx_word' id='word_1_107' title='bbox 479 2256 672 2315; x_wconf 88' lang='lat' dir='ltr'><strong>constiterant</strong></span> <span class='ocrx_word' id='word_1_108' title='bbox 687 2256 777 2316; x_wconf 86' lang='lat' dir='ltr'><strong>ferae.</strong></span> 
     </span>
     <span class='ocr_line' id='line_1_23' title="bbox 160 2338 724 2401; baseline 0.002 -1"><span class='ocrx_word' id='word_1_109' title='bbox 160 2338 273 2400; x_wconf 91' lang='lat' dir='ltr'><strong>mulcet</strong></span> <span class='ocrx_word' id='word_1_110' title='bbox 288 2357 348 2398; x_wconf 87' lang='lat' dir='ltr'><strong>nnn</strong></span> <span class='ocrx_word' id='word_1_111' title='bbox 365 2338 457 2399; x_wconf 86' lang='lat' dir='ltr'><strong>solitis</strong></span> <span class='ocrx_word' id='word_1_112' title='bbox 473 2340 596 2400; x_wconf 87' lang='lat' dir='ltr'><strong>uocibus</strong></span> <span class='ocrx_word' id='word_1_113' title='bbox 612 2340 724 2401; x_wconf 82' lang='lat' dir='ltr'><strong>interos</strong></span> 
     </span>
     <span class='ocr_line' id='line_1_24' title="bbox 162 2423 707 2485; baseline 0 0"><span class='ocrx_word' id='word_1_114' title='bbox 162 2432 192 2485; x_wconf 91' lang='lat' dir='ltr'><strong>et</strong></span> <span class='ocrx_word' id='word_1_115' title='bbox 208 2423 306 2484; x_wconf 90' lang='lat' dir='ltr'><strong>surdis</strong></span> <span class='ocrx_word' id='word_1_116' title='bbox 321 2430 441 2484; x_wconf 89' lang='lat' dir='ltr'><strong>resonat</strong></span> <span class='ocrx_word' id='word_1_117' title='bbox 456 2423 564 2485; x_wconf 86' lang='lat' dir='ltr'><strong>clarius</strong></span> <span class='ocrx_word' id='word_1_118' title='bbox 579 2426 608 2484; x_wconf 89' lang='lat' dir='ltr'><strong>iu</strong></span> <span class='ocrx_word' id='word_1_119' title='bbox 625 2424 707 2485; x_wconf 86' lang='lat' dir='ltr'><strong>locis.</strong></span> 
     </span>
    </p>
   </div>
   <div class='ocr_carea' id='block_1_6' title="bbox 71 2568 885 2737">
    <p class='ocr_par' dir='ltr' id='par_1_6' title="bbox 71 2568 885 2737">
     <span class='ocr_line' id='line_1_25' title="bbox 71 2568 885 2673; baseline -0.001 -19"><span class='ocrx_word' id='word_1_120' title='bbox 71 2568 74 2575; x_wconf 25' lang='grc' dir='ltr'>Ι</span> <span class='ocrx_word' id='word_1_121' title='bbox 121 2600 144 2659; x_wconf 86' lang='lat' dir='ltr'><strong>f&#39;</strong></span> <span class='ocrx_word' id='word_1_122' title='bbox 199 2590 885 2673; x_wconf 80' lang='lat' dir='ltr'><strong>DeilentEurydicenTaenariaenurus:</strong></span> 
     </span>
     <span class='ocr_line' id='line_1_26' title="bbox 162 2675 711 2737; baseline 0 0"><span class='ocrx_word' id='word_1_123' title='bbox 162 2676 310 2737; x_wconf 79' lang='lat' dir='ltr'><strong>defient</strong></span> <span class='ocrx_word' id='word_1_124' title='bbox 325 2684 354 2736; x_wconf 91' lang='lat' dir='ltr'><strong>et</strong></span> <span class='ocrx_word' id='word_1_125' title='bbox 368 2675 497 2737; x_wconf 89' lang='lat' dir='ltr'><strong>lacrimis</strong></span> <span class='ocrx_word' id='word_1_126' title='bbox 514 2676 647 2737; x_wconf 79' lang='lat' dir='ltr'><strong>difficiles</strong></span> <span class='ocrx_word' id='word_1_127' title='bbox 663 2677 711 2737; x_wconf 92' lang='lat' dir='ltr'><strong>dei</strong></span> 
     </span>
    </p>
   </div>
   <div class='ocr_carea' id='block_1_7' title="bbox 161 2829 369 2837">
    <p class='ocr_par' dir='ltr' id='par_1_7' title="bbox 161 2829 369 2837">
     <span class='ocr_line' id='line_1_27' title="bbox 161 2829 369 2837; baseline -0.01 0"><span class='ocrx_word' id='word_1_128' title='bbox 161 2829 369 2837; x_wconf 68' lang='lat'>.—.-—.-—-—-</span> 
     </span>
    </p>
   </div>
   <div class='ocr_carea' id='block_1_8' title="bbox 161 2908 1082 3449">
    <p class='ocr_par' dir='ltr' id='par_1_8' title="bbox 161 2908 1082 3449">
     <span class='ocr_line' id='line_1_28' title="bbox 232 2908 1080 2978; baseline -0.004 -15"><span class='ocrx_word' id='word_1_129' title='bbox 232 2912 377 2963; x_wconf 74' lang='lat' dir='ltr'><strong>etta—563</strong></span> <span class='ocrx_word' id='word_1_130' title='bbox 394 2918 454 2976; x_wconf 79' lang='lat' dir='ltr'><strong>post</strong></span> <span class='ocrx_word' id='word_1_131' title='bbox 470 2929 494 2960; x_wconf 86' lang='lat' dir='ltr'><strong>u.</strong></span> <span class='ocrx_word' id='word_1_132' title='bbox 514 2913 563 2962; x_wconf 87' lang='lat'><strong>593</strong></span> <span class='ocrx_word' id='word_1_133' title='bbox 581 2914 706 2961; x_wconf 74' lang='lat' dir='ltr'><strong>collocari</strong></span> <span class='ocrx_word' id='word_1_134' title='bbox 731 2908 744 2978; x_wconf 75' lang='grc' dir='ltr'><strong>[ἱ</strong></span> <span class='ocrx_word' id='word_1_135' title='bbox 773 2911 915 2962; x_wconf 70' lang='lat' dir='ltr'><strong>scabella</strong></span> <span class='ocrx_word' id='word_1_136' title='bbox 936 2913 984 2976; x_wconf 68' lang='lat' dir='ltr'><strong>ch</strong></span> <span class='ocrx_word' id='word_1_137' title='bbox 1007 2911 1080 2961; x_wconf 89' lang='lat' dir='ltr'><strong>bello</strong></span> 
     </span>
     <span class='ocr_line' id='line_1_29' title="bbox 163 2975 1070 3045; baseline -0.002 -15"><span class='ocrx_word' id='word_1_138' title='bbox 163 2981 203 3030; x_wconf 87' lang='grc' dir='ltr'><strong>εΑ</strong></span> <span class='ocrx_word' id='word_1_139' title='bbox 239 2976 251 3045; x_wconf 82' lang='lat' dir='ltr'><strong>[l</strong></span> <span class='ocrx_word' id='word_1_140' title='bbox 286 2982 416 3043; x_wconf 85' lang='lat' dir='ltr'><strong>peterent</strong></span> <span class='ocrx_word' id='word_1_141' title='bbox 444 2980 491 3043; x_wconf 69' lang='lat' dir='ltr'><strong>Vct</strong></span> <span class='ocrx_word' id='word_1_142' title='bbox 521 2982 628 3043; x_wconf 84' lang='lat' dir='ltr'><strong>peteret</strong></span> <span class='ocrx_word' id='word_1_143' title='bbox 649 2981 705 3029; x_wconf 82' lang='lat' dir='ltr'><strong>ER</strong></span> <span class='ocrx_word' id='word_1_144' title='bbox 730 2982 838 3029; x_wconf 83' lang='lat' dir='ltr'><strong>Vratisl.</strong></span> <span class='ocrx_word' id='word_1_145' title='bbox 868 2985 978 3045; x_wconf 87' lang='lat' dir='ltr'><strong>peteres</strong></span> <span class='ocrx_word' id='word_1_146' title='bbox 1001 2980 1026 3028; x_wconf 84' lang='lat' dir='ltr'><em>A</em></span> <span class='ocrx_word' id='word_1_147' title='bbox 1058 2975 1070 3040; x_wconf 93' lang='grc' dir='ltr'><strong>ΙΙ</strong></span> 
     </span>
     <span class='ocr_line' id='line_1_30' title="bbox 162 3044 1079 3113; baseline -0.003 -15"><span class='ocrx_word' id='word_1_148' title='bbox 162 3049 213 3098; x_wconf 91' lang='grc'><strong>567</strong></span> <span class='ocrx_word' id='word_1_149' title='bbox 238 3054 300 3111; x_wconf 84' lang='lat' dir='ltr'><strong>post</strong></span> <span class='ocrx_word' id='word_1_150' title='bbox 323 3050 393 3111; x_wconf 82' lang='lat' dir='ltr'><strong>terg.</strong></span> <span class='ocrx_word' id='word_1_151' title='bbox 415 3061 469 3095; x_wconf 70' lang='lat' dir='ltr'><strong>sere</strong></span> <span class='ocrx_word' id='word_1_152' title='bbox 494 3049 554 3097; x_wconf 81' lang='lat' dir='ltr'><strong>add.</strong></span> <span class='ocrx_word' id='word_1_153' title='bbox 576 3048 604 3096; x_wconf 89' lang='lat' dir='ltr'><em>V</em></span> <span class='ocrx_word' id='word_1_154' title='bbox 628 3044 640 3113; x_wconf 79' lang='grc' dir='ltr'><strong>ΙΙ</strong></span> <span class='ocrx_word' id='word_1_155' title='bbox 668 3049 718 3097; x_wconf 84' lang='grc'><strong>570</strong></span> <span class='ocrx_word' id='word_1_156' title='bbox 741 3063 865 3111; x_wconf 90' lang='lat' dir='ltr'><strong>rumpere</strong></span> <span class='ocrx_word' id='word_1_157' title='bbox 884 3046 920 3096; x_wconf 81' lang='grc' dir='ltr'><strong>Ει</strong></span> <span class='ocrx_word' id='word_1_158' title='bbox 949 3044 961 3113; x_wconf 85' lang='grc' dir='ltr'><strong>ΙΙ</strong></span> <span class='ocrx_word' id='word_1_159' title='bbox 992 3049 1079 3096; x_wconf 87' lang='lat' dir='ltr'><strong>tristi·</strong></span> 
     </span>
     <span class='ocr_line' id='line_1_31' title="bbox 161 3110 1082 3180; baseline -0.003 -15"><span class='ocrx_word' id='word_1_160' title='bbox 161 3114 216 3165; x_wconf 83' lang='lat' dir='ltr'><strong>bus</strong></span> <span class='ocrx_word' id='word_1_161' title='bbox 234 3114 316 3164; x_wconf 79' lang='lat' dir='ltr'><strong>EVA</strong></span> <span class='ocrx_word' id='word_1_162' title='bbox 344 3115 433 3163; x_wconf 84' lang='lat' dir='ltr'><strong>tristis</strong></span> <span class='ocrx_word' id='word_1_163' title='bbox 453 3119 521 3177; x_wconf 76' lang='lat' dir='ltr'><strong>etp</strong></span> <span class='ocrx_word' id='word_1_164' title='bbox 551 3110 563 3180; x_wconf 88' lang='grc' dir='ltr'><strong>ΙΙ</strong></span> <span class='ocrx_word' id='word_1_165' title='bbox 600 3116 649 3164; x_wconf 84' lang='grc'><strong>571</strong></span> <span class='ocrx_word' id='word_1_166' title='bbox 674 3123 704 3163; x_wconf 91' lang='lat' dir='ltr'><strong>et</strong></span> <span class='ocrx_word' id='word_1_167' title='bbox 722 3115 837 3165; x_wconf 87' lang='lat' dir='ltr'><strong>lueisV</strong></span> <span class='ocrx_word' id='word_1_168' title='bbox 863 3112 876 3180; x_wconf 73' lang='lat' dir='ltr'><strong>tl</strong></span> <span class='ocrx_word' id='word_1_169' title='bbox 909 3117 959 3165; x_wconf 88' lang='grc'><strong>575</strong></span> <span class='ocrx_word' id='word_1_170' title='bbox 982 3114 1082 3179; x_wconf 86' lang='lat' dir='ltr'><strong>recipit</strong></span> 
     </span>
     <span class='ocr_line' id='line_1_32' title="bbox 162 3178 1080 3249; baseline -0.002 -16"><span class='ocrx_word' id='word_1_171' title='bbox 162 3194 185 3247; x_wconf 83' lang='grc' dir='ltr'><em>ψ</em></span> <span class='ocrx_word' id='word_1_172' title='bbox 207 3178 220 3249; x_wconf 81' lang='grc' dir='ltr'><strong>ΙΙ</strong></span> <span class='ocrx_word' id='word_1_173' title='bbox 235 3183 285 3233; x_wconf 84' lang='grc'><strong>581</strong></span> <span class='ocrx_word' id='word_1_174' title='bbox 304 3182 328 3231; x_wconf 78' lang='lat' dir='ltr'><strong>n.</strong></span> <span class='ocrx_word' id='word_1_175' title='bbox 342 3198 365 3231; x_wconf 89' lang='lat' dir='ltr'><strong>u.</strong></span> <span class='ocrx_word' id='word_1_176' title='bbox 377 3188 438 3245; x_wconf 84' lang='lat' dir='ltr'><strong>post</strong></span> <span class='ocrx_word' id='word_1_177' title='bbox 450 3200 474 3234; x_wconf 86' lang='lat' dir='ltr'><strong>u.</strong></span> <span class='ocrx_word' id='word_1_178' title='bbox 488 3183 537 3233; x_wconf 82' lang='grc'><strong>584</strong></span> <span class='ocrx_word' id='word_1_179' title='bbox 550 3184 643 3245; x_wconf 72' lang='lat' dir='ltr'><strong>tepitur</strong></span> <span class='ocrx_word' id='word_1_180' title='bbox 655 3183 689 3244; x_wconf 83' lang='lat' dir='ltr'><strong>A,</strong></span> <span class='ocrx_word' id='word_1_181' title='bbox 705 3183 819 3232; x_wconf 72' lang='lat' dir='ltr'><strong>hocloco</strong></span> <span class='ocrx_word' id='word_1_182' title='bbox 832 3183 904 3231; x_wconf 70' lang='lat' dir='ltr'><strong>End</strong></span> <span class='ocrx_word' id='word_1_183' title='bbox 913 3183 968 3244; x_wconf 81' lang='lat' dir='ltr'><strong>VB,</strong></span> <span class='ocrx_word' id='word_1_184' title='bbox 982 3185 1080 3232; x_wconf 84' lang='lat' dir='ltr'><strong>omnino</strong></span> 
     </span>
     <span class='ocr_line' id='line_1_33' title="bbox 162 3245 1081 3315; baseline -0.003 -15"><span class='ocrx_word' id='word_1_185' title='bbox 162 3251 237 3300; x_wconf 82' lang='lat' dir='ltr'><strong>abest</strong></span> <span class='ocrx_word' id='word_1_186' title='bbox 254 3250 318 3299; x_wconf 76' lang='lat' dir='ltr'><strong>itio</strong></span> <span class='ocrx_word' id='word_1_187' title='bbox 347 3245 359 3315; x_wconf 76' lang='grc'><strong>11</strong></span> <span class='ocrx_word' id='word_1_188' title='bbox 389 3248 483 3299; x_wconf 82' lang='lat' dir='ltr'><strong>Surdis</strong></span> <span class='ocrx_word' id='word_1_189' title='bbox 501 3254 615 3299; x_wconf 86' lang='lat' dir='ltr'><strong>resonat</strong></span> <span class='ocrx_word' id='word_1_190' title='bbox 633 3250 735 3299; x_wconf 84' lang='lat' dir='ltr'><strong>elarius</strong></span> <span class='ocrx_word' id='word_1_191' title='bbox 753 3250 782 3298; x_wconf 91' lang='lat' dir='ltr'><strong>in</strong></span> <span class='ocrx_word' id='word_1_192' title='bbox 800 3249 870 3299; x_wconf 85' lang='lat' dir='ltr'><strong>loeis</strong></span> <span class='ocrx_word' id='word_1_193' title='bbox 886 3247 891 3314; x_wconf 90' lang='grc' dir='ltr'>Ι</span> <span class='ocrx_word' id='word_1_194' title='bbox 907 3250 1017 3300; x_wconf 88' lang='lat' dir='ltr'><strong>Deflent</strong></span> <span class='ocrx_word' id='word_1_195' title='bbox 1035 3265 1081 3299; x_wconf 89' lang='lat' dir='ltr'><strong>eu-</strong></span> 
     </span>
     <span class='ocr_line' id='line_1_34' title="bbox 162 3316 1080 3383; baseline -0.003 -16"><span class='ocrx_word' id='word_1_196' title='bbox 162 3318 280 3383; x_wconf 81' lang='lat' dir='ltr'><strong>rydicen</strong></span> <span class='ocrx_word' id='word_1_197' title='bbox 296 3316 382 3367; x_wconf 73' lang='lat' dir='ltr'><strong>umidi</strong></span> <span class='ocrx_word' id='word_1_198' title='bbox 400 3318 497 3367; x_wconf 86' lang='lat' dir='ltr'><strong>sedent</strong></span> <span class='ocrx_word' id='word_1_199' title='bbox 509 3317 581 3380; x_wconf 76' lang='lat' dir='ltr'><strong>Mop.</strong></span> <span class='ocrx_word' id='word_1_200' title='bbox 604 3317 738 3367; x_wconf 82' lang='lat' dir='ltr'><strong>threiciae</strong></span> <span class='ocrx_word' id='word_1_201' title='bbox 757 3335 779 3367; x_wconf 86' lang='grc' dir='ltr'><strong>ω</strong></span> <span class='ocrx_word' id='word_1_202' title='bbox 801 3323 984 3367; x_wconf 77' lang='lat' dir='ltr'><strong>tartareae</strong></span> <span class='ocrx_word' id='word_1_203' title='bbox 1003 3318 1080 3366; x_wconf 80' lang='lat' dir='ltr'><strong>Wut.</strong></span> 
     </span>
     <span class='ocr_line' id='line_1_35' title="bbox 162 3384 1080 3449; baseline -0.004 -14"><span class='ocrx_word' id='word_1_204' title='bbox 162 3386 339 3435; x_wconf 80' lang='lat' dir='ltr'><strong>taenariae</strong></span> <span class='ocrx_word' id='word_1_205' title='bbox 361 3386 456 3449; x_wconf 64' lang='lat' dir='ltr'><strong>scripsi</strong></span> <span class='ocrx_word' id='word_1_206' title='bbox 484 3384 585 3434; x_wconf 87' lang='lat' dir='ltr'><strong>deflent</strong></span> <span class='ocrx_word' id='word_1_207' title='bbox 603 3384 809 3434; x_wconf 84' lang='lat' dir='ltr'><strong>Eumenides</strong></span> <span class='ocrx_word' id='word_1_208' title='bbox 834 3385 1009 3435; x_wconf 81' lang='lat' dir='ltr'><strong>Threiciam</strong></span> <span class='ocrx_word' id='word_1_209' title='bbox 1032 3398 1080 3431; x_wconf 90' lang='lat' dir='ltr'><strong>nu·</strong></span> 
     </span>
    </p>
   </div>
   <div class='ocr_carea' id='block_1_9' title="bbox 161 3448 732 3518">
    <p class='ocr_par' dir='ltr' id='par_1_9' title="bbox 161 3448 732 3518">
     <span class='ocr_line' id='line_1_36' title="bbox 161 3448 732 3518; baseline -0.004 -15"><span class='ocrx_word' id='word_1_210' title='bbox 161 3469 226 3503; x_wconf 88' lang='lat' dir='ltr'><strong>rum</strong></span> <span class='ocrx_word' id='word_1_211' title='bbox 244 3456 303 3505; x_wconf 84' lang='lat' dir='ltr'><strong>coli.</strong></span> <span class='ocrx_word' id='word_1_212' title='bbox 323 3451 397 3502; x_wconf 84' lang='lat' dir='ltr'><strong>Ouid.</strong></span> <span class='ocrx_word' id='word_1_213' title='bbox 416 3452 455 3501; x_wconf 90' lang='lat' dir='ltr'><strong>M.</strong></span> <span class='ocrx_word' id='word_1_214' title='bbox 475 3452 509 3507; x_wconf 85' lang='lat' dir='ltr'><strong>X.</strong></span> <span class='ocrx_word' id='word_1_215' title='bbox 531 3455 563 3501; x_wconf 74' lang='lat'><strong>45</strong></span> <span class='ocrx_word' id='word_1_216' title='bbox 579 3451 699 3505; x_wconf 81' lang='lat' dir='ltr'><strong>B.Scluu.</strong></span> <span class='ocrx_word' id='word_1_217' title='bbox 721 3448 732 3518; x_wconf 88' lang='grc' dir='ltr'><strong>ΙΙ</strong></span> 
     </span>
    </p>
   </div>
   <div class='ocr_carea' id='block_1_10' title="bbox 0 0 1288 3917">
    <p class='ocr_par' dir='ltr' id='par_1_10' title="bbox 0 0 1288 3917">
     <span class='ocr_line' id='line_1_37' title="bbox 0 0 1288 3917; baseline 0 0"><span class='ocrx_word' id='word_1_218' title='bbox 0 0 1288 3917; x_wconf 95' lang='lat' dir='ltr'><strong> </strong></span> 
     </span>
    </p>
   </div>
  </div>
 </body>
</html>
