2550 3917
448 198 629 245 nnnevnns
656 184 817 271 [nvnnns]

138 350 160 406 o'
482 339 611 399 Monstra
628 340 685 398 iam
702 341 808 401 desunt
822 342 895 402 mihi

173 430 330 505 minorque
346 424 432 485 inber
448 432 493 483 est
506 423 625 483 Herculi
640 426 718 483 insse
737 428 843 502 exequi

173 531 259 592 qoam
276 512 350 571 mihi
372 509 514 569 iubere.
538 506 632 568 laetus
648 512 772 587 imperio
789 512 906 588 exeipit.

140 627 154 659 o
215 596 281 666 Ono
297 598 359 655 iero
376 594 493 672 tyranni
508 594 606 652 iusso
624 593 754 654 uiolento
771 605 880 672 queant

173 700 282 741 nocere
298 679 418 740 iuueni?
439 696 546 755 nempe
562 695 616 753 pro
631 678 696 737 telis
711 682 788 755 gerit

172 784 249 845 quae
265 766 362 824 timuit
378 772 407 823 et
422 781 498 841 quoe
514 762 597 821 indii.
622 772 753 824 armatos
769 766 850 823 nenit

173 851 260 910 leone
277 857 306 908 et
322 848 424 927 hydra.

136 954 160 1003 οι
484 930 545 991 Nee
561 932 632 991 satis
649 939 746 993 terrae
762 941 873 1011 patent.

174 1020 291 1096 effregit
308 1036 376 1077 eece
391 1012 482 1076 limen
498 1016 606 1078 inferni
624 1017 703 1077 lonis

176 1113 203 1163 ei
220 1105 317 1180 opima
333 1103 403 1161 uicti
419 1102 498 1176 regis
514 1100 550 1158 od
567 1112 693 1176 s'nperos
708 1102 809 1162 referi.

135 1194 168 1244 e'‘
221 1188 331 1247 Porum
347 1192 391 1245 est
406 1186 534 1245 reuerti:
552 1183 656 1244 foedus
671 1188 845 1270 umbrarum
863 1189 949 1264 perit.

177 1270 256 1356 [m’di
269 1274 346 1347 ipso,
363 1274 430 1332 nidi
442 1277 530 1330 nocie
544 1272 683 1331 dr'soosso
697 1273 832 1344 inferum
1108 1281 1145 1330 50

173 1366 202 1417 et
217 1359 288 1417 Dite
303 1359 414 1416 domito
428 1358 526 1429 spolie
541 1358 703 1415 iactantem
713 1360 805 1432 petri

169 1442 330 1515 fraterno.
376 1458 433 1499 eur
447 1456 507 1499 non
522 1442 658 1499 uinctum
673 1449 703 1499 et
717 1458 894 1516 oppressum
910 1444 1008 1501 trahit

173 1530 273 1600 ipsum
288 1528 404 1585 cetenis
413 1526 509 1599 perio
524 1528 665 1583 sortitum
680 1528 752 1585 Ioui

173 1612 335 1685 Ereboque
348 1618 441 1683 capto
454 1611 570 1684 potirer
584 1616 613 1667 et
627 1606 884 1693 releantppor]

173 1696 318 1771 patefacte
335 1692 370 1752 ab
386 1694 453 1750 imis
469 1692 604 1752 manibus
619 1700 700 1752 reiro
716 1696 764 1753 oio
780 1702 825 1753 est

177 1788 305 1839 eosacre
324 1777 404 1837 dirae
419 1778 523 1837 mortis
539 1778 567 1835 in
585 1784 689 1854 operto
704 1779 809 1839 iacent.

141 1904 156 1935 o
220 1866 263 1921 At
279 1864 333 1921 iste
348 1868 436 1939 rupto
453 1878 573 1920 earcere
589 1861 762 1922 umbrarum
779 1864 862 1923 ferox

148 2013 151 2019 ι
178 1948 216 2007 de
232 1965 282 2005 me
297 1946 461 2022 triumphat
477 1954 506 2006 et
522 1945 699 2023 superbifica
714 1965 802 2007 monn

175 2040 273 2091 airum
289 2048 343 2108 per
358 2029 448 2090 nrbes
464 2029 545 2088 dueit
560 2030 704 2105 argolicos
720 2051 834 2091 canem.

134 2132 159 2180 θ’
222 2116 290 2175 Viso
305 2113 451 2174 lebentem
470 2114 599 2175 Cerbero
616 2116 677 2173 uidi
694 2116 770 2179 diem

173 2200 377 2279 pauidumqoe
393 2199 495 2259 solem.
518 2218 567 2258 me
584 2218 702 2277 quoque
718 2202 826 2261 inuasit
839 2207 953 2261 tremor

173 2295 203 2345 er
218 2291 294 2344 tetro
311 2286 437 2343 monstri
455 2282 528 2342 eolla
546 2284 661 2344 deuicto
677 2287 796 2345 intuens

172 2372 258 2429 timui
272 2370 445 2447 imperasse.

139 2486 154 2519 e
478 2452 566 2511 Lenia
584 2453 634 2512 sed
651 2456 774 2514 nimium
792 2474 910 2533 queror.

174 2536 282 2597 caelo
297 2535 460 2596 timendum
479 2544 532 2604 esi,
548 2555 638 2613 regna
656 2556 693 2597 ne
709 2557 823 2599 summe
840 2548 965 2619 occupet

173 2623 224 2703 qni
240 2622 311 2681 nioii
325 2623 392 2688 ima,
409 2628 523 2698 seeptro
541 2624 701 2701 praeripiat
716 2625 802 2701 parri.
1109 2631 1147 2679 65.

171 2769 187 2773 .-
191 2765 376 2773 ...ψ-...-

240 2861 274 2908 43
294 2860 353 2919 Quo
371 2858 418 2920 Vre
432 2857 509 2917 Quae
524 2858 562 2907 εΑ
580 2854 592 2919 [l
610 2860 643 2907 49
657 2860 693 2907 al'
707 2860 777 2923 petit
789 2857 825 2907 Ε2
837 2876 885 2923 nep.
906 2856 918 2926 Η
939 2878 978 2910 uu.
992 2863 1096 2912 50-154

171 2928 257 2976 delent¹
275 2926 473 2988 dittoprophiem
491 2927 525 2986 ef.
544 2942 567 2975 n.
587 2930 619 2973 60
636 2943 693 2991 sqq.
717 2923 729 2991 11
758 2928 864 2975 inferne
887 2928 922 2977 V¹
947 2926 959 2993 Η
982 2932 1093 2979 521166-

170 2998 246 3043 ctum
271 2994 320 3042 VA
347 2994 481 3041 uictume
511 2988 522 3057 ΙΙ
551 2993 649 3055 trehit)
668 2995 709 3041 hit
726 2998 752 3042 in
770 3011 823 3045 ree.
842 2993 879 3043 E²
906 2992 919 3061 Η
948 2999 981 3047 64
1000 2998 1093 3047 cerbe-

170 3076 257 3123 roque
280 3062 328 3124 Vni
365 3056 376 3125 ΙΙ
410 3062 499 3109 dooere
523 3062 624 3109 uidetur
641 3078 695 3110 uoce
718 3063 821 3124 potitur
843 3062 867 3111 V
894 3059 906 3128 Η
940 3069 968 3113 et
990 3068 1099 3128 retegit.

169 3128 223 3177 EA
245 3132 273 3177 et
285 3128 356 3190 tegit
373 3129 398 3176 V
415 3132 442 3176 et
454 3127 524 3176 rele
534 3129 574 3192 git
592 3129 670 3177 Wnn.
690 3144 727 3177 en
746 3130 849 3193 retegit
860 3131 929 3183 Bod.
943 3135 1059 3183 emme
1070 3129 1083 3198 Η

169 3197 273 3259 seigam
296 3197 322 3244 V
349 3190 360 3261 ΙΙ
389 3196 420 3244 56
444 3194 528 3243 durae
547 3194 580 3243 Ε1
601 3203 668 3245 totus
685 3212 775 3245 nereus
792 3198 864 3247 ebert
886 3201 912 3246 V
943 3196 955 3264 ΙΙ
984 3202 1016 3248 57
1035 3200 1093 3250 iete-

173 3264 262 3312 Virro
284 3262 332 3311 ille
352 3264 390 3313 εΑ
415 3258 427 3327 Η
455 3264 488 3311 60
506 3262 645 3311 labentem
664 3264 690 3311 V
710 3261 721 3329 Η
745 3266 777 3312 62
796 3270 870 3313 tetra
887 3268 934 3327 Vp
957 3267 1088 3315 theiraE

168 3335 195 3379 in
212 3346 267 3379 rae.
288 3338 367 3379 terna
384 3330 408 3379 Α
444 3326 456 3395 Η
489 3330 600 3378 deuicta
622 3333 648 3378 V
668 3332 771 3381 deuicti
790 3332 815 3380 E
838 3333 927 3391 (litera
948 3335 958 3381 i
976 3336 1003 3381 in
1019 3335 1089 3395 rae.)

169 3400 194 3447 A
231 3396 243 3462 ΙΙ
278 3398 310 3447 63
331 3394 521 3460 ssedsnimium
551 3397 589 3459 (ni
618 3402 645 3447 in
667 3400 733 3458 rae.)
755 3398 791 3447 ΕΞ
820 3401 960 3448 minimum
992 3399 1025 3448 V¹
1065 3398 1079 3466 ss

162 3468 201 3533 65
220 3466 327 3531 p'ripiat
349 3460 375 3513 V
407 3465 558 3529 praeripiet
575 3465 600 3513 E
620 3466 684 3529 (roe.
696 3469 765 3515 inter
778 3483 792 3515 e
805 3474 831 3515 et
844 3467 867 3529 r)
882 3468 906 3514 Α
