2550 3917
387 223 805 272 ruosurssaevuseeurr.
1015 210 1077 274 129

151 368 273 429 fortuna
291 364 362 426 belli
376 382 494 443 semper
510 363 630 442 ancipiti
646 365 676 424 iu
691 362 758 423 lucu
773 372 825 423 est.

151 452 365 535 quodcumque
379 450 457 511 Mars
472 448 620 509 deceruit:
636 455 781 527 exaequat
794 448 869 509 duos

151 537 222 597 licet
238 538 358 614 inpares
373 535 431 595 siut
445 530 561 609 gladius
577 539 606 593 et
619 550 688 611 spes
703 539 733 593 et
748 538 845 593 metue

147 622 222 695 sors
238 638 326 681 caeca
344 624 452 679 uersat.
483 619 650 695 praemium
664 618 812 678 incertum
828 619 912 697 petis.

153 713 270 767 certum
287 703 395 765 scelus.

113 800 136 849 k
218 775 227 801 '
432 787 553 847 Fauisee
568 787 615 847 sac
630 785 708 847 uotis
722 785 795 847 deus

152 891 259 935 omues
274 874 346 934 tuis:
364 889 481 933 cessere
496 878 526 932 et
541 872 640 932 auersi
654 870 755 949 fugam

151 960 268 1037 petiere
284 959 375 1027 ciues,
391 955 474 1017 clade
490 957 603 1017 funesta
619 957 720 1016 iacens
788 1001 794 1007 .

154 1042 373 1118 obtexit'agros
388 1040 480 1102 miles.
512 1040 625 1101 exultes
639 1039 709 1101 iicet

151 1130 309 1205 uictorque
325 1125 425 1187 fratris
440 1123 533 1203 spolia
550 1124 656 1185 deiecti
673 1142 774 1203 geras:

150 1210 319 1291 plangenda
335 1209 431 1290 palma
448 1216 503 1270 est.

105 1296 138 1355 k'
532 1291 624 1365 Quale
641 1301 673 1353 tu
688 1293 746 1353 buc
761 1291 872 1355 bellum
887 1302 982 1372 putas,

152 1382 183 1442 iu
201 1398 260 1459 que
275 1378 475 1441 execrandum
491 1379 587 1439 uictor
603 1378 731 1438 admittit
745 1378 829 1438 netas

152 1466 177 1526 si
196 1464 323 1541 gaudet?
346 1464 427 1524 bunc
442 1480 531 1541 quem
547 1464 669 1523 uincere
685 1460 785 1523 infelix
802 1463 886 1542 cupis

154 1567 224 1610 cum
242 1550 359 1618 niteris,
375 1546 501 1625 lugebis.
533 1546 677 1607 infaustas
692 1562 746 1625 age

152 1633 267 1694 dimitte
282 1648 405 1710 pugnas,
423 1631 516 1692 libera
532 1632 657 1709 patriam
673 1640 763 1698 metu,

151 1716 235 1778 luctu
251 1723 400 1796 parentes.

111 1812 133 1860 k
198 1813 276 1861 Pon.
431 1800 558 1860 Sceleris
574 1808 603 1860 et
617 1799 730 1859 fraudis
744 1816 814 1860 suae

153 1903 264 1964 poenas
279 1885 425 1946 nefandus
442 1885 532 1944 irater
549 1894 580 1944 ut
594 1883 691 1944 nullas
706 1884 799 1944 ierat?

151 1982 222 2030 rou.
247 1978 413 2031 nemetae:
435 1986 589 2047 poenas,
607 1976 636 2029 et
651 1968 770 2047 quidem
786 1966 882 2028 suluet
896 1986 1003 2047 graues
1019 1992 1025 2029 :
1124 1990 1174 2037 045

151 2054 300 2130 reguabit.
331 2061 376 2115 est
391 2054 465 2114 haec
481 2071 611 2131 poena.
643 2055 667 2112 ei
684 2051 811 2123 dubitas,
827 2070 884 2113 auu

152 2140 289 2217 patrique
305 2138 405 2206 crede,
422 2137 549 2199 Cadmus
564 2138 621 2197 hcc
637 2136 715 2197 dicet
729 2136 784 2197 tibi
982 2144 987 2153 '
1091 2159 1141 2207 235

151 2223 316 2302 Cadmique
331 2220 441 2301 proles.

104 2308 137 2367 k‘
275 2302 277 2309 ’
480 2307 603 2385 Sceptra
619 2304 764 2366 Thebano
779 2305 834 2367 suit

150 2394 292 2469 inpune
308 2390 380 2451 nulii
396 2406 516 2467 gerere,
533 2408 588 2451 nec
603 2392 761 2469 quisquam
777 2390 835 2451 fide
1126 2413 1176 2459 550

150 2482 240 2554 rupta
255 2474 368 2537 tenebit
382 2474 439 2536 ilia.
470 2476 527 2535 iam
542 2492 682 2535 numeres
697 2474 765 2535 licet

151 2560 274 2620 fratrem
290 2562 368 2620 iuter
383 2560 464 2620 istus.

150 2646 219 2705 Ele.
500 2653 647 2719 numeret,
666 2651 710 2703 est
724 2645 797 2703 tanti
814 2643 884 2704 mihi
1091 2666 1141 2713 290

151 2746 220 2790 cum
236 2727 358 2806 regibus
373 2729 481 2789 iacere.
513 2736 543 2789 te
558 2728 664 2789 turbae
681 2728 798 2789 exulum

151 2812 280 2875 ascribe.

219 2982 269 3031 267
288 2984 453 3031 tormenta
470 2980 538 3031 belli
555 2983 586 3031 ei.
606 2981 689 3032 Swob.
714 2978 726 3046 ΙΙ
749 2982 799 3032 269
817 2981 910 3047 gladio
929 2982 954 3031 Ε
982 2979 995 3049 {l
1022 2984 1073 3035 270

152 3063 212 3099 sors
230 3066 251 3099 ω
269 3050 333 3099 t'ors
351 3050 428 3099 NHa.
447 3050 481 3112 cf.
498 3050 579 3114 Vera.
592 3053 638 3099 eet.
651 3049 724 3099 IX5
747 3046 760 3115 ΙΙ
787 3050 859 3113 petit
876 3052 902 3100 A
920 3052 994 3115 petis
1013 3059 1051 3115 εψ
1063 3048 1072 3117 u

150 3118 201 3167 276
213 3116 370 3181 frangenda
382 3117 408 3166 A
426 3116 585 3183 plangenda
603 3118 628 3165 Ε
642 3125 660 3167 t.
673 3117 748 3167 rur.
766 3114 778 3183 ΙΙ
795 3117 823 3166 iu
835 3119 861 3167 A
878 3117 932 3168 boc
943 3118 970 3169 Ε
986 3114 999 3186 ΙΙ
1022 3122 1071 3171 281

150 3184 231 3235 uerba
248 3183 372 3234 luctu—
385 3183 499 3234 sceleris
517 3189 545 3234 et
562 3202 609 3237 um.
628 3184 655 3233 Ε
677 3180 689 3250 ΙΙ
712 3186 762 3235 284
784 3184 856 3234 haec
878 3192 922 3235 eet
944 3202 1035 3251 poene
1054 3205 1073 3238 u

151 3251 211 3302 hee
219 3267 294 3317 pena
314 3257 358 3302 est
375 3252 398 3302 R
417 3258 459 3303 est
471 3252 543 3303 haec
555 3269 581 3319 p.
601 3252 651 3317 Εψ
667 3248 679 3319 ΙΙ
694 3252 839 3302 thebarum
852 3255 878 3303 A
895 3253 1019 3306 thebana
1031 3260 1073 3307 uel

152 3319 311 3384 thebancrb
331 3320 452 3371 thebano
464 3320 490 3368 E
502 3317 574 3385 {1288
592 3320 711 3370 tenebat
728 3322 753 3370 A
772 3321 880 3371 tenebit
896 3322 923 3371 Ε
944 3338 1072 3375 numeres

151 3402 221 3440 eurr.
244 3390 311 3440 m.2
334 3404 370 3437 eoe
392 3391 512 3437 numeris
529 3388 555 3437 Ε
588 3385 600 3454 Η
633 3389 684 3438 289
701 3388 784 3439 POL.
802 3404 914 3440 numero
937 3395 967 3442 et
990 3396 1033 3442 eet
1049 3409 1073 3443 ω

151 3454 235 3505 ΕΤΕ.
253 3459 396 3520 numeret,
416 3462 459 3505 est
476 3452 690 3519 mucamitem
707 3456 779 3507 100.
793 3458 819 3507 A
837 3474 884 3511 om.
898 3458 923 3507 Ε
939 3455 995 3525 {lte
1013 3464 1072 3508 tur-

150 3521 205 3572 bee
219 3524 243 3572 A
264 3528 292 3573 et
309 3524 371 3573 urbi
390 3522 414 3572 Ε
436 3519 448 3589 [Ι
470 3526 519 3574 291
539 3524 651 3575 ascribo
669 3525 695 3574 A
713 3527 818 3577 ascribi
830 3525 855 3574 Ε
872 3542 942 3577 cerr.
961 3526 1036 3575 Nlla.
1048 3522 1061 3591 ΙΙ

205 3637 328 3673 SENECAE
344 3640 426 3675 Tubu.
846 3607 866 3670 9
