2550 3917
205 202 269 268 416
591 215 736 265 monem

208 359 323 437 tuisque
338 355 451 416 facibus
467 362 552 417 natus
566 356 596 415 iu
611 358 701 416 terris
716 374 812 424 eram,

207 442 244 502 ad
261 442 348 522 Styga
363 451 511 502 reuertoc.
542 448 644 519 surget
658 440 824 501 Enceladus
840 440 923 499 lenox

206 528 361 603 mittetque
377 544 435 603 quo
452 544 531 586 nunc
546 528 691 605 premitur
706 528 736 584 in
753 543 879 603 superos
895 542 979 585 onus,

207 629 331 688 regnum
348 629 435 671 omne
451 612 567 687 genitor
582 611 713 671 aetheris
729 610 849 670 dubium
866 608 918 668 tibi
1004 602 1009 612 '

208 714 289 755 mors
305 704 404 756 nostra
422 694 516 756 laciet.
548 703 615 755 ante
632 714 719 775 quam
736 694 862 773 spolium
878 695 921 753 tui
953 772 955 777 ,

208 780 321 841 caelum
337 799 425 840 omne
440 782 505 851 liat,
522 779 618 840 conde
634 799 681 841 me
698 787 756 839 tota
774 787 858 857 pater

208 865 312 925 mundi
327 867 422 926 ruina.
453 866 556 943 frange
572 883 661 944 quem
676 864 779 943 perdis
794 864 904 941 polum.

593 1096 740 1144 OHORVS.

381 1236 445 1296 Non
460 1254 536 1297 uana
552 1237 638 1296 times
652 1241 720 1295 nate
737 1236 881 1294 tonantis:

337 1322 394 1381 iam
412 1329 439 1379 te
455 1319 527 1381 caeli
543 1338 633 1398 regna
651 1329 822 1398 sequentur.

337 1406 394 1465 iam
410 1404 596 1466 thessalicam
612 1404 714 1465 Pelion
731 1403 833 1465 Ossam

338 1497 454 1569 premet
470 1497 498 1549 et
512 1489 606 1549 Pindo
623 1501 781 1565 congestus
796 1488 887 1549 Athos

306 1620 310 1629 .
338 1592 443 1634 nemus
458 1573 604 1634 aethereis
620 1574 730 1634 inseret
745 1575 841 1633 astris.

382 1725 485 1785 Vincet
500 1725 638 1805 scopulos
654 1726 722 1785 inde
738 1726 896 1805 Typhoeus

339 1815 368 1870 et
383 1810 554 1887 tyrrhenum
570 1811 645 1870 lecet
660 1810 822 1879 Inarimen,

340 1895 415 1954 lecet
430 1903 568 1955 aetnaeos
583 1896 651 1955 iude
667 1896 798 1955 caminos

339 1979 511 2059 scindetque
527 1979 603 2040 latus
620 1982 728 2040 montis
744 1980 852 2056 aperti,

339 2064 471 2124 nondum
487 2064 655 2125 Enceladus
671 2063 794 2124 fulmine
811 2066 916 2124 uictus.

481 2307 488 2314 ·
571 2294 765 2343 HuncquS.

255 2434 316 2511 Ego
334 2436 382 2511 qni
398 2433 503 2495 relicta
517 2442 612 2494 morte
627 2442 795 2512 contempta
812 2434 899 2513 Styge
1003 2479 1007 2485 -

212 2538 266 2598 pei·
282 2518 377 2579 media
393 2519 499 2579 Lethes
515 2526 617 2596 stagna
634 2538 701 2579 cum
717 2518 811 2596 spolio
828 2520 892 2579 redi

211 2621 271 2683 quo
286 2621 380 2681 paene
394 2602 484 2681 lapsis
500 2604 606 2663 excidit
620 2603 706 2664 Titan
724 2604 822 2680 equis,

281 2823 346 2872 1148
364 2828 445 2873 natus
463 2823 492 2871 in
510 2823 591 2871 terris
610 2822 635 2870 E
649 2824 673 2871 A
696 2823 724 2871 in
743 2823 826 2871 terris
844 2826 927 2872 natus
945 2830 969 2886 op
989 2820 1001 2890 11
1026 2822 1128 2873 eratE

213 2906 288 2941 eram
306 2892 331 2940 A
343 2887 356 2956 11
372 2894 439 2942 1150
457 2889 633 2953 Montemque
653 2890 678 2938 E
696 2891 844 2953 Mittetque
858 2892 883 2940 A
896 2886 907 2956 11
920 2906 988 2940 onus
1008 2888 1129 2955 5111153

212 2959 302 3008 faciet
314 2958 339 3006 E
356 2958 406 3007 fiat
417 2959 442 3007 A
459 2954 471 3024 11
489 2960 554 3007 1154
572 2958 673 3022 premis
691 2957 716 3005 Ε
734 2957 825 3021 perdia
844 2958 869 3007 A
914 2957 1060 3009 CHORVS
1073 2958 1098 3007 Ε
1107 2965 1129 3021 ψ

177 3034 183 3041 “
212 3042 259 3076 om.
272 3026 297 3075 A
310 3023 322 3092 11
341 3027 406 3076 1155
420 3026 502 3076 Chori
514 3032 575 3075 nota
584 3028 710 3088 praefica
721 3025 745 3073 A
760 3041 805 3075 om.
821 3025 869 3088 Εψ
915 3044 938 3075 u.
953 3027 1018 3076 1161
1031 3027 1078 3075 hoc
1090 3042 1129 3075 re·

212 3096 304 3144 uocaui
314 3089 326 3160 11
338 3109 425 3158 regna
436 3094 467 3142 ,Ε
486 3095 566 3158 signa
579 3094 604 3142 A
615 3090 628 3159 11
641 3093 707 3142 1156
724 3093 804 3142 Nunc
822 3092 872 3143 ER
888 3095 948 3143 Ia'm
961 3094 986 3144 A
999 3090 1130 3159 111115555-

212 3163 293 3211 licem
307 3177 332 3226 p.
346 3177 436 3211 ossam
449 3162 498 3211 ER
509 3161 676 3210 Thessalica
688 3160 718 3209 P.
732 3160 802 3210 Ossa
816 3162 841 3210 A
853 3157 865 3225 11
878 3163 943 3211 1159
956 3160 1103 3226 tipheusqp
1118 3162 1129 3225 11

215 3231 280 3279 1160
298 3230 436 3292 tyrrheam
455 3229 481 3277 Ε
497 3225 509 3294 11
526 3230 555 3278 in
574 3228 680 3278 crimen
698 3228 747 3276 ER
763 3224 774 3293 11
791 3228 985 3278 HERCVLES
1004 3228 1066 3292 Εψ
1084 3244 1131 3279 om.

215 3300 239 3346 A
253 3294 264 3363 11
278 3298 342 3345 1165
361 3297 491 3345 Herculio
510 3294 711 3360 noto‘praefixa
730 3296 753 3345 A
774 3311 822 3348 om.
841 3296 899 3361 Εψ
916 3292 928 3362 11
946 3297 1011 3346 1166
1030 3301 1131 3361 stagna

215 3365 263 3414 εΑ
281 3364 374 3413 stedia
385 3372 409 3423 ψ
420 3360 432 3428 11
446 3365 509 3413 1167
524 3365 584 3425 Quo
597 3378 705 3428 poenae
717 3363 801 3413 155515
813 3363 839 3412 Ε
852 3365 912 3425 Quo
925 3380 996 3428 pene
1009 3364 1098 3428 lapsis
1110 3364 1131 3412 ll

215 3430 284 3478 Cum
302 3446 373 3494 pone
390 3430 473 3479 lassis
490 3431 531 3479 Mt
553 3431 651 3494 (lapsis
669 3447 739 3481 corr.
758 3432 874 3496 Lipsius)
900 3431 967 3481 Cum
985 3448 1057 3496 pene
1077 3436 1131 3480 tuo·

215 3497 286 3559 pidia
305 3498 329 3546 A
345 3498 410 3559 sort.
430 3497 520 3557 Quom
543 3514 571 3562 p.
589 3498 695 3561 lapsus
714 3502 778 3552 conl.
799 3500 879 3551 Herc.
899 3500 916 3549 I
934 3517 957 3549 o.
972 3502 1011 3549 60.
1036 3495 1048 3565 11
