2550 3917
99 220 106 251 t
441 215 624 263 unnevnus
648 202 812 284 [nunnus]
1039 203 1081 267 29

127 363 150 423 a'
204 367 314 415 Auru.
344 355 489 415 Peruince
505 354 622 415 Theseu
639 356 780 433 quicquid
796 355 855 416 alto
869 357 899 415 in
916 364 1038 434 pectore

161 447 298 500 remanet
313 441 434 516 pauoris
449 457 525 500 neue
541 448 571 499 te
586 440 685 499 fructu
701 441 812 518 optimo

162 522 430 583 fraudalaborum.
463 523 818 602 quaesuitdurnmpati‚
1098 538 1148 588 660

161 610 334 669 meminisse
351 606 436 667 dulce
452 615 504 668 est.
535 608 615 678 lare
636 627 743 669 casus
767 608 952 669 horridos.

122 704 153 761 δ”
205 706 306 753 nnus.
337 692 394 753 Fas
409 710 496 753 omne
512 692 614 752 mundi
629 700 718 770 teque
734 692 933 754 dominantem
951 712 1058 771 precor

162 794 256 854 regno
273 778 375 856 capaci
390 785 478 855 teque
495 795 582 854 quam
600 784 660 836 tota
674 778 764 837 inrita

162 863 311 937 quaesiuit
322 862 415 922 Aetna
432 868 533 931 mater,
551 867 583 921 ut
598 862 662 922 iura
679 861 776 922 abdita

160 953 191 1033 et
212 953 344 1025 operta
366 946 481 1006 terris
503 946 588 1007 liceat
602 948 714 1024 inpune
730 946 866 1024 eloqui.

128 1144 144 1179 c
204 1114 349 1191 Spartana
367 1114 452 1174 tellus
467 1113 567 1175 nobile
582 1114 686 1173 attollit
700 1116 800 1192 iugum

162 1198 263 1258 densis
279 1198 331 1257 ubi
346 1217 458 1276 aequor
473 1200 626 1259 Taenarus
641 1198 723 1259 siluis
739 1201 857 1277 premit.

161 1282 210 1342 bio
225 1301 278 1342 ora
294 1282 382 1343 soluit
396 1284 468 1343 Ditis
482 1285 569 1343 inuisi
586 1283 692 1343 domus

161 1366 283 1445 hiatque
298 1385 389 1446 rupes
404 1366 462 1427 alta
478 1375 507 1427 et
522 1369 656 1427 inmenso
672 1385 762 1447 specu

161 1453 268 1528 ingens
283 1470 395 1529 uorago
412 1452 546 1512 lancibus
562 1453 652 1512 uastis
668 1460 748 1529 patet

160 1534 313 1615 latumque
328 1536 429 1614 pandit
445 1536 580 1596 omnibus
596 1537 713 1615 populis
728 1538 795 1597 iter.

127 1635 145 1684 d
206 1620 272 1681 Non
288 1638 374 1681 caeca
391 1621 522 1680 tenebris
540 1622 644 1699 incipit
658 1624 756 1699 primo
773 1623 830 1681 uia.

161 1706 261 1764 tenuis
277 1704 397 1765 relictae
412 1705 487 1765 lueis
502 1724 519 1765 a
534 1714 618 1783 tergo
636 1708 715 1765 nitor

162 1787 320 1866 fulgorque
337 1788 443 1850 dubius
459 1788 528 1849 solis
544 1790 653 1850 adflicti
672 1790 753 1850 eadit

160 1881 192 1941 ¹et
208 1871 282 1933 ludit
297 1875 400 1934 aciem.
430 1882 518 1934 noete
533 1876 574 1933 sic
590 1875 680 1935 mixta
697 1873 772 1935 solet

160 1957 311 2034 praebere
327 1959 427 2018 lumen
443 1961 555 2035 primus
571 1966 622 2018 aut
637 1976 722 2019 serus
738 1960 809 2019 dies.

164 2037 250 2124 [binc
265 2046 367 2119 emptu
383 2048 489 2105 uacuis
503 2047 606 2119 spotia
620 2047 770 2104 locuuntur
784 2046 868 2118 locis⁷

160 2131 193 2186 in
209 2144 289 2201 quoe
304 2144 389 2187 omne
404 2146 531 2189 mersum
541 2135 654 2204 pereat
667 2130 832 2189 humanum
846 2124 969 2211 penum]

124 2224 149 2282 d'
205 2210 268 2271 Nec
282 2212 326 2271 ire
342 2210 426 2271 labor
442 2221 496 2272 est.
528 2214 591 2290 ipsa
606 2212 726 2272 deducit
740 2214 798 2273 nia.

161 2307 196 2356 ut
212 2313 301 2373 saepe
316 2314 431 2374 puppes
447 2304 544 2357 aestus
560 2298 666 2357 inuitas
681 2302 767 2376 rapit,

163 2381 207 2440 sie
222 2397 336 2456 pronus
352 2386 403 2441 aer
418 2387 506 2457 urget
521 2390 609 2458 atque
620 2382 740 2442 auidum
756 2382 846 2441 chaos

163 2464 350 2542 gradumque
366 2474 447 2524 retro
462 2464 582 2525 flectere
598 2466 670 2527 haut
685 2485 825 2544 umquam
841 2468 941 2538 sinunt

162 2548 288 2609 umbrae
305 2557 432 2609 tenaces.
457 2552 536 2610 intus
550 2551 676 2610 inmensi
692 2553 782 2611 sinus.

128 2666 143 2699 e
205 2632 323 2694 Placido
340 2635 437 2711 quieta
452 2633 561 2694 labitur
576 2634 669 2695 Lethe
684 2635 761 2695 uado

161 2718 313 2798 demitque
329 2736 415 2778 cures
431 2726 507 2779 neue
522 2719 676 2779 remeandi
692 2718 818 2798 amplius

159 2809 261 2880 pateat
276 2801 408 2872 facultas,
426 2804 551 2864 flexibus
567 2802 666 2863 multis
681 2820 804 2881 grauem

230 2955 280 3005 668
302 2955 450 3005 Peruincet
467 2954 492 3003 E
515 2955 653 3004 Permiete
671 2958 697 3004 V
716 2952 728 3021 ll
745 2957 773 3004 in
791 2970 818 3019 p.
836 2954 914 3003 EVR
936 2957 985 3004 duo
1006 2956 1079 3004 eort-

159 3023 245 3071 stinue
272 3023 301 3071 in
324 3022 416 3072 om.'A
445 3018 457 3088 ΙΙ
491 3024 541 3073 660
563 3038 632 3087 quae
652 3024 678 3071 E
700 3038 752 3086 que
774 3025 821 3086 Vqr
845 3022 925 3085 quod
944 3039 962 3071 α
990 3019 1001 3089 ΙΙ
1028 3024 1080 3072 ott

160 3090 254 3138 Enna
273 3106 291 3138 α
319 3087 330 3156 ΙΙ
359 3090 408 3139 665
429 3089 507 3153 loqui
528 3092 553 3139 V
574 3087 585 3154 ll
614 3092 664 3140 669
687 3091 811 3155 hietque)
831 3096 860 3138 at
878 3092 904 3138 in
921 3090 1025 3139 roem
1054 3088 1066 3155 ll
1112 3117 1116 3127 ·

161 3159 210 3206 671
235 3156 349 3221 pendit)
376 3158 413 3206 nd
435 3160 461 3206 in
488 3173 541 3207 rus.
566 3158 602 3206 Ε2
642 3155 655 3224 ΙΙ
695 3160 744 3209 ort
775 3158 893 3221 incipiet
919 3160 945 3207 V
982 3155 995 3224 [l
1028 3160 1078 3209 676

160 3225 219 3274 tale
244 3240 299 3274 non
321 3225 404 3274 dubie
423 3224 496 3274 solet
514 3225 540 3273 Α
571 3231 652 3275 noete
676 3228 718 3275 sic
740 3227 825 3273 mixta
849 3226 921 3275 solet
942 3226 999 3275 EV
1021 3226 1080 3288 (sed

160 3292 202 3341 hic
219 3292 314 3355 mista)
330 3294 480 3341 IPulatinus
503 3287 515 3358 l}
538 3295 673 3343 677-678
692 3296 775 3343 deletu
797 3290 808 3358 Η
832 3295 881 3343 678
899 3294 1005 3357 Hincq3
1021 3297 1047 3343 V
1056 3292 1068 3359 Η

161 3376 195 3409 an
224 3362 356 3424 pergat?
395 3356 406 3425 ΙΙ
444 3362 493 3411 681
517 3376 618 3425 agger
645 3376 664 3411 α
701 3357 713 3427 ΙΙ
749 3363 798 3411 683
825 3362 951 3409 immensi
978 3362 1003 3409 E
1036 3361 1077 3410 in·

160 3427 252 3475 menei
267 3429 293 3476 V
313 3428 460 3477 sinusEV
478 3429 610 3477 immenso
630 3425 763 3494 sinuA'U
787 3429 838 3477 684
856 3427 968 3478 letheA
992 3426 1081 3492 lethes

161 3493 186 3542 Ε
213 3493 303 3545 lethes
321 3496 376 3558 opV
407 3492 419 3560 ΙΙ
453 3496 502 3545 686
529 3496 652 3545 fletibus
680 3499 721 3545 ed.
739 3497 801 3559 Bip.
835 3492 847 3561 ΙΙ
