2550 3917
536 197 716 273 reinerus
1040 212 1083 275 97

163 374 269 445 gnatos
284 374 318 425 ut
332 363 468 434 habeam,
484 362 598 425 scelere
611 364 692 442 quod
709 364 791 425 seluo
806 364 909 425 deri·
1103 382 1169 435 1030
1255 402 1256 447 3

163 452 294 529 odioque
309 450 417 527 possit,
434 450 525 509 irater
541 448 598 509 lroc
612 449 736 511 lrntrem
752 466 842 527 rogo:

163 534 292 613 sepelire
307 533 404 595 liceat.

128 610 156 669 θ’
428 617 530 678 Redde
545 618 624 697 quod
644 634 749 678 cernes
764 618 862 679 statim

164 706 222 765 uri.
249 702 366 764 nihilte
382 704 499 779 genitor
513 702 671 763 habiturus
686 720 759 781 rogo
1045 718 1066 760 r.
1081 718 1185 761 cxxxv

164 789 216 849 sed
232 787 413 867 perditurus.
642 800 646 807 ·
801 828 804 833 -

164 886 242 933 Aru.
452 870 592 951 quicquid
608 889 625 932 e
641 872 737 949 gnatis
752 872 811 931 tuis

163 964 304 1036 superest
318 956 426 1025 habes,
444 956 653 1035 quodcumque
667 969 728 1017 non
744 964 881 1035 superest
895 956 997 1020 hebes.
1103 979 1167 1029 1035

165 1055 246 1101 nux.
273 1050 412 1102 utrumne
427 1042 525 1101 saeuis
539 1039 682 1118 pabulum
698 1040 816 1101 alitibus
831 1042 937 1112 iacent,
966 1055 971 1065 ·

165 1144 205 1186 an
220 1125 318 1187 beluis
333 1126 513 1187 seruantur?
529 1143 566 1185 nn
580 1132 708 1204 pascunt
722 1126 820 1186 leros?

164 1224 245 1269 nnn.
273 1210 409 1290 epulatus
424 1211 487 1288 ipse
503 1229 535 1271 es
549 1211 629 1288 inpia
645 1216 730 1269 nelos
745 1210 830 1291 dape.

132 1294 150 1344 f
209 1308 289 1355 rur.
317 1294 393 1355 Hoc
415 1303 473 1355 est
494 1294 566 1355 deos
580 1293 678 1373 quod
693 1294 807 1371 puduit.
833 1294 892 1355 hoc
908 1297 966 1374 egit
981 1296 1060 1358 diem

89 1401 97 1410 ’
166 1398 308 1441 auersum
323 1381 354 1439 in
370 1386 463 1441 ortus.
490 1396 563 1459 quas
577 1381 669 1439 miser
684 1396 775 1439 noces
791 1378 869 1440 dubo
1104 1402 1168 1451 1040

164 1471 345 1543 questusque
360 1464 454 1543 qnos?
475 1481 551 1543 quae
566 1462 659 1524 uerba
676 1463 824 1524 sufficient
838 1464 928 1524 mihil

165 1547 280 1609 abscisa
296 1566 388 1608 cerno
404 1549 499 1629 capita
516 1555 545 1608 et
561 1547 679 1610 auulsas
695 1562 800 1609 manus

162 1639 195 1693 et
209 1640 297 1710 rupta
313 1633 417 1693 lractis
431 1631 569 1693 cruribus
583 1634 719 1710 uestigia.

119 1705 151 1764 f‘
206 1716 280 1778 Hoc
301 1725 358 1778 est
381 1716 479 1795 quod
501 1717 605 1778 auidus
621 1734 730 1796 capere
746 1734 806 1778 non
820 1719 916 1795 poluit
930 1725 1023 1797 paler.

163 1799 328 1863 uoluuntur
342 1803 421 1862 intus
436 1802 551 1862 uiscera
569 1809 598 1862 et
612 1801 728 1862 clusum
745 1801 827 1863 nel‘ns
1103 1824 1169 1872 1045

163 1886 229 1946 sine
245 1887 324 1947 exitu
341 1884 469 1946 luctator
484 1894 514 1947 et
529 1888 645 1966 quaerit
660 1885 772 1971 lugam.

163 1970 201 2030 de
217 1970 309 2031 irater
325 1988 448 2031 ensem
462 2004 506 2015 -
521 1972 674 2049 sanguinis
689 1968 814 2031 multum
830 1972 889 2031 mei

163 2053 254 2115 hehet
267 2054 333 2115 ille:
349 2056 430 2115 ferro
444 2053 544 2115 liberis
559 2054 646 2115 detur
660 2055 718 2115 uie.

134 2163 149 2213 0
207 2138 339 2217 Negntnr
354 2140 609 2217 ensisl-pectore
623 2138 710 2199 inliso
725 2146 832 2199 sonent

163 2232 287 2284 contusa
304 2222 435 2302 planetu.

162 2307 229 2370 Atr.
492 2309 603 2368 sustine
619 2307 721 2368 infelix
736 2326 871 2369 uranum:

164 2409 321 2469 parcemus
335 2391 459 2453 umbris.

166 2477 241 2555 Thy.
495 2475 554 2536 tele
568 2478 635 2556 quis
652 2477 728 2537 uidit
742 2476 843 2540 nelesl

164 2564 229 2638 quis
243 2560 427 2638 inhospitalis
442 2561 564 2622 Caucasi
580 2578 688 2639 rupem
704 2577 840 2640 asperam

164 2644 334 2707 Heniochus
348 2644 505 2706 habitans?
521 2648 628 2724 quisue
644 2649 791 2725 cecropiis
804 2657 901 2708 metus

164 2731 251 2790 terris
265 2730 459 2791 Procrustell

137 2813 160 2870 r'
492 2816 614 2876 Genitor
630 2834 669 2876 en
685 2822 790 2893 gnatos
804 2832 909 2894 premo

163 2915 344 2976 premorque
359 2900 444 2961 natis.
477 2900 598 2961 sceleris
613 2907 658 2960 est
674 2898 778 2978 aliquis
793 2900 907 2962 modus.
1103 2921 1171 2972 1055

230 3102 297 3153 1036
315 3101 433 3153 hebebis
451 3104 477 3151 A
500 3101 588 3153 hebes
607 3102 632 3152 Ε
656 3098 668 3169 ll
693 3102 820 3169 quodque
833 3104 874 3156 Αε
892 3104 1083 3171 quodcumque

163 3168 228 3231 E(t.
243 3167 301 3233 Gr.)
328 3165 340 3235 Ι]
370 3172 435 3221 1037
453 3170 530 3221 feres
549 3186 585 3219 un
622 3176 721 3221 escunt
738 3172 764 3221 E
788 3188 824 3222 nn
842 3188 867 3238 p.
885 3173 905 3226 l.
925 3174 950 3223 A
978 3170 990 3240 ll
1015 3168 1090 3226 1040
1127 3170 1130 3175 ’

164 3234 309 3287 aduersum
326 3236 377 3302 Εψ
399 3252 526 3289 euersum
544 3256 564 3289 α
592 3187 620 3305 ll)
634 3240 700 3289 1045
718 3238 868 3291 uoluuntur
885 3256 954 3293 corr.
968 3258 1004 3292 ex
1021 3242 1081 3292 uul-

163 3309 263 3354 nnntur
280 3302 317 3353 Ε1
340 3300 353 3371 fl
377 3307 442 3357 1046
460 3306 535 3356 uiam
553 3307 578 3356 A
602 3306 698 3371 fugem
716 3307 742 3357 E
770 3303 782 3374 Η
812 3308 877 3359 1048
895 3308 990 3360 demus
1008 3310 1084 3360 uiam

163 3371 187 3419 A
210 3370 292 3423 detur
307 3374 355 3422 uie
373 3373 398 3423 Ε
420 3370 433 3441 ΙΙ
462 3376 528 3425 1050
546 3375 719 3425 concussaA
739 3379 856 3426 contuse
874 3376 899 3426 Ε
922 3372 934 3442 ll
957 3376 1037 3429 ATR.
1059 3384 1085 3428 el

161 3452 215 3505 seq.
227 3456 304 3491 uersu
322 3440 407 3491 THY.
425 3458 473 3495 om.
492 3458 521 3501 ω,
540 3444 654 3494 restitnit
664 3440 715 3493 Bo.
735 3457 770 3493 ex
782 3444 869 3494 codice
882 3444 932 3493 lin.
947 3444 1050 3495 Heinsii
1061 3441 1073 3509 ΙΙ

164 3506 228 3558 1053
246 3508 379 3559 eniochns
397 3508 423 3559 Ε
450 3506 462 3576 Η

213 3623 339 3660 sunnon
359 3624 441 3665 HAG.
862 3592 879 3652 7
