2550 3917
521 225 701 275 Talassus

165 368 230 447 quid
246 368 285 426 sit
300 364 379 445 quod
396 364 510 435 horres,
526 364 583 427 ede
600 374 630 427 et
646 372 799 426 auctorem
813 364 919 425 indica.

165 471 222 512 non
237 468 351 529 quaero
367 451 432 527 quis
447 450 494 518 sit,
510 450 562 511 sed
577 456 654 510 uter.
684 449 804 512 effare
820 451 911 511 ocius.
1093 467 1143 515 ccc

131 575 147 607 e
205 550 310 596 uvun.
332 534 367 595 ln
383 550 452 593 arce
467 551 582 595 summa
598 534 733 613 pelopiae
748 552 820 613 pars
835 542 880 596 est
894 534 998 595 domus
1092 546 1115 596 Q·
1126 546 1179 587 XVI

165 638 307 681 conuersa
324 618 361 679 ad
377 625 502 687 austros,
521 624 608 679 cuius
623 627 788 681 extremum
803 618 881 681 latus
1024 630 1180 673 66666611

165 704 285 784 aequale
301 705 395 764 monti
410 704 520 764 crescit
534 710 624 781 atque
638 704 744 765 urbem
760 706 868 783 premit

165 797 193 851 et
206 795 412 849 contumacem
427 787 549 865 regibus
563 788 709 867 populum
725 791 787 849 suis

164 873 252 933 habet
266 872 322 933 suh
338 873 408 932 ictu.
436 871 528 950 fulget
542 873 591 933 hic
605 873 712 933 turbae
728 891 820 951 capax
1098 890 1147 940 645

164 960 282 1017 inmane
298 964 424 1026 tectum,
442 963 526 1017 cuius
541 965 659 1018 auratas
673 956 774 1019 trabes

164 1043 253 1102 uariis
268 1040 423 1101 columnae
439 1040 554 1102 nobiles
568 1042 692 1103 maculis
708 1042 817 1105 lerunt.

164 1134 230 1205 post
246 1129 300 1186 ista
315 1125 406 1203 uulgo
422 1132 491 1186 nota
505 1144 582 1205 quae
597 1126 700 1205 populi
717 1126 825 1196 colunt

164 1213 194 1272 in
210 1210 299 1270 multa
315 1210 400 1271 diues
415 1212 507 1289 spatia
523 1210 647 1271 discedit
662 1212 777 1273 domus.

132 1312 155 1371 e'
207 1298 322 1357 Arcana
336 1296 369 1353 in
383 1296 444 1354 imo
459 1296 542 1372 regio
557 1313 677 1356 secessu
693 1297 776 1364 iacet,

167 1379 222 1441 alta
238 1386 388 1440 uetustum
404 1377 481 1439 ualle
496 1397 678 1458 conpescens
694 1397 808 1451 nemus,

165 1464 316 1543 penetrale
331 1465 434 1542 regni,
450 1462 529 1524 nulla
544 1481 603 1542 qua
617 1463 711 1526 laetos
726 1464 801 1525 solet

165 1549 310 1629 praebere
325 1566 426 1609 ramos
441 1548 530 1608 arbos
545 1556 596 1608 aut
609 1550 693 1609 lerro
709 1549 775 1619 coli,

165 1634 216 1695 sed
233 1642 318 1694 taxus
333 1639 363 1693 et
378 1649 537 1710 cupressus
553 1642 582 1693 et
596 1634 681 1711 nigra
697 1632 765 1695 ilice
784 1672 787 1679 ·

166 1718 293 1779 obscura
309 1724 393 1778 nutat
407 1716 496 1786 silua,
513 1735 601 1795 quam
617 1736 708 1796 supra
725 1719 857 1781 eminens
1100 1737 1149 1787 655

167 1802 317 1880 despectat
331 1800 390 1861 alte
405 1819 533 1879 quercus
549 1809 578 1861 et
593 1803 685 1864 uincit
701 1821 814 1864 nemus.

167 1888 237 1947 hinc
252 1887 400 1966 auspicari
415 1903 507 1964 regna
523 1885 696 1949 Tantalidae
711 1887 815 1957 solent.

167 1972 237 2032 hinc
252 1978 356 2050 petere
371 1970 456 2034 lassis
471 1970 563 2031 rebus
577 1989 613 2032 ac
627 1970 724 2033 dubiis
741 1990 837 2051 opem.

143 2072 158 2092 ”
210 2056 304 2116 Alfiua
319 2054 475 2115 inhaerent
490 2056 567 2117 dona
573 2052 590 2124 ,'
598 2050 717 2117 uocales
732 2057 822 2117 tubae

168 2140 315 2217 fractique
331 2157 437 2200 currus
452 2139 546 2219 spolia
562 2141 670 2219 myrtei
685 2142 785 2213 maris,

168 2226 324 2303 uictaeque
339 2223 419 2283 falsis
434 2224 539 2285 axibus
554 2225 686 2304 pendent
701 2234 794 2295 rotae,

167 2317 198 2371 et
212 2326 299 2369 omne
314 2310 411 2387 gentio
427 2308 550 2379 lacinus,
567 2311 624 2370 hoc
640 2309 784 2388 phrygius
799 2309 866 2370 loco

167 2394 243 2454 fixus
259 2396 347 2453 tiaras
362 2392 492 2473 Pelopis,
509 2393 559 2455 hic
574 2393 684 2473 pracda
702 2394 830 2455 hostium

169 2486 198 2539 et
214 2478 251 2538 de
265 2478 418 2554 triumpho
433 2480 511 2557 picta
526 2477 686 2539 barbarico
703 2478 844 2557 chlamys.
913 2540 920 2552 ,

169 2564 235 2622 lons
250 2569 307 2622 stat
321 2563 376 2621 sub
392 2561 497 2623 umbra
513 2564 607 2624 tristis
623 2570 653 2623 et
668 2565 752 2641 nigra
769 2566 854 2641 piger
1103 2580 1153 2631 665

169 2682 361 2691 —-.-..-.--

236 2732 287 2781 639
311 2730 380 2781 effer
398 2736 522 2780 autorem
540 2733 566 2781 A
597 2731 647 2781 ede
667 2737 695 2781 et
713 2738 853 2783 auctorem
871 2732 897 2781 E
920 2728 932 2798 ΙΙ
956 2731 1006 2783 640
1030 2746 1086 2781 non

168 2813 272 2862 quaero
290 2799 351 2863 quis
374 2800 412 2848 sit
430 2798 520 2863 seddi
542 2800 604 2863 (urai
620 2802 689 2864 quod
705 2816 755 2851 non
778 2802 853 2849 nulli:
876 2815 931 2850 non
949 2801 1010 2864 quis
1028 2798 1086 2860 aad,

168 2869 223 2916 uel:
241 2881 299 2915 non
315 2866 381 2930 quid
396 2867 434 2916 sit
451 2865 512 2927 sed]
535 2882 591 2916 non
609 2882 714 2932 quaero
733 2868 795 2933 quis
814 2867 863 2919 sed
882 2884 901 2917 α
928 2882 983 2917 non
1002 2882 1085 2932 quero

169 2934 234 2998 qnid
252 2936 289 2983 sit
306 2933 355 2983 sed
372 2934 472 2984 Eunu
493 2930 507 3000 fl
534 2936 583 2984 641
602 2934 711 3001 pelopis
728 2950 793 3001 pars
812 2939 855 2986 est
872 2936 966 2985 domus
983 2942 1007 2999 ψ
1037 2949 1084 2999 pe·

168 3001 240 3066 Iopis
258 3016 314 3050 unu
332 3006 457 3067 estpars
475 3002 572 3053 domus
590 3019 609 3053 α
625 3004 762 3069 pelopeoa
781 3018 846 3068 pars
865 3020 888 3054 a.
908 3003 933 3053 d.
951 3002 992 3055 on
1008 3002 1085 3068 pelo·

168 3084 257 3133 paene
278 3080 305 3135 p.
325 3085 349 3121 e.
368 3069 394 3119 d.
413 3070 439 3119 Ε
465 3069 604 3135 pelopiaa
626 3072 677 3124 Bo.
708 3068 720 3138 ΙΙ
753 3073 803 3121 646
827 3072 971 3122 columbae
991 3087 1009 3121 α
1040 3086 1085 3121 co·

168 3136 297 3202 lumpnue
320 3137 370 3202 Εψ
399 3135 411 3202 ΙΙ
439 3140 490 3189 660
507 3138 587 3203 regia
609 3154 723 3190 recessu
742 3140 767 3188 Α
791 3140 901 3205 regiae
931 3154 1043 3190 secessu
1061 3138 1087 3187 Ε

169 3207 245 3270 regio
264 3220 378 3256 secessu
394 3214 418 3270 ψ
441 3203 453 3272 ΙΙ
481 3208 597 3271 patetA
615 3208 692 3257 iacet
704 3207 771 3257 EM)
793 3203 806 3273 ΙΙ
828 3209 878 3258 666
896 3222 929 3258 su
949 3208 1086 3257 reminens

168 3272 194 3320 Ε
215 3269 229 3341 fl
251 3274 301 3325 658
318 3274 403 3324 lassis
415 3274 468 3324 ΑΕ
486 3274 584 3338 (laesia
602 3275 626 3324 Ε
640 3283 657 3325 t.
673 3276 730 3339 dr.)
752 3276 817 3325 etA
843 3224 949 3343 acEll
977 3277 1025 3325 661
1045 3274 1086 3323 ui-

169 3344 270 3404 taeque
282 3340 308 3390 Ε
325 3342 475 3407 uictusque
488 3344 514 3393 Α
537 3342 696 3441 611166θῖ66
709 3345 740 3393 ei.
754 3344 829 3393 NHe.
853 3344 1034 3407 iunctaeque
1054 3342 1087 3391 οἱ.

169 3423 219 3505 βο.
249 3421 264 3559 q
290 3428 341 3479 666
363 3427 461 3493 pelops
477 3428 503 3477 Ε
531 3425 545 3494 ΙΙ
572 3429 623 3480 664
645 3443 740 3482 camus
758 3428 784 3477 Ε
805 3427 863 3491 (aed
877 3444 896 3478 u
912 3444 928 3478 o
946 3430 1004 3477 1m.
1017 3441 1087 3477 corr.

168 3492 234 3556 mr)
264 3489 271 3559 l
396 3542 400 3548 .
838 3576 884 3638 6*
