2550 3917
170 200 234 268 314
451 214 481 260 n.
499 214 631 262 annam
647 213 806 262 suuucan

171 354 374 433 onuptialem.
406 353 498 414 uade:
522 352 688 430 perlectum
706 363 750 414 est
767 350 877 421 scum,

170 440 300 501 uindicta
317 438 457 498 nondum.
488 453 598 515 perage
615 437 685 497 dum
702 437 813 497 iaciunt
828 453 941 496 manue.
1112 444 1169 493 995

136 532 155 581 h
214 523 290 596 Quid
307 541 386 583 nune
401 523 527 601 meraris
542 522 658 581 anime?
681 522 750 599 quid
768 520 902 581 dubitas?
925 528 1020 598 potes.

173 610 229 668 iam
247 607 353 668 cecidit
367 609 420 666 ira.
451 607 581 683 paenitet
599 605 668 665 lacti
683 605 783 683 pudet.

172 692 243 772 quid
258 693 366 753 misera
382 691 456 752 lecit
479 691 587 750 misera
603 692 752 767 paeniteat
765 690 848 757 licet,

173 778 239 837 teci.
258 811 295 820 —
313 775 448 854 uoluptas
464 792 570 852 magna
587 793 634 834 me
649 776 773 835 inuitam
790 774 870 835 subit

174 872 202 921 et
216 879 285 921 ecce
302 863 418 920 crescit.
450 859 534 918 derat
549 859 607 918 hoc
621 876 713 918 unum
729 859 820 928 mihi,

172 952 320 1022 spectator
334 946 416 1005 istc.
448 943 520 1002 nihil
536 943 632 1004 adhuc
647 943 715 1003 lacti
729 961 814 1012 reor,

171 1030 310 1112 quicquid
326 1030 390 1089 sine
406 1031 462 1088 istc
479 1027 605 1088 fecimus
621 1026 758 1094 sceleris,
775 1028 861 1105 perit.

139 1113 166 1172 h'
219 1126 283 1173 Ins.
309 1112 352 1172 En
369 1116 448 1191 ipsa
466 1113 535 1173 tecti
550 1120 635 1191 parte
651 1112 806 1189 praecipiti
820 1112 952 1172 inminet.

170 1197 229 1258 huc
244 1199 339 1276 rapiat
354 1199 437 1275 ignes
453 1196 571 1275 aliquis,
589 1203 621 1256 ut
636 1196 763 1256 flammis
778 1195 863 1256 cadat

171 1284 231 1342 suis
247 1289 376 1360 perusta.
413 1328 416 1333 .

170 1380 254 1427 Mun.
410 1383 539 1442 congere
555 1373 720 1425 extremum
737 1366 796 1424 tuis

171 1453 268 1528 gnatis
284 1450 367 1510 lason
385 1449 473 1510 sunus
490 1467 523 1509 ac
538 1448 684 1509 tumulum
700 1457 796 1509 strue:

170 1536 300 1596 coniunx
316 1553 461 1612 socerque
477 1536 553 1594 iusta
569 1534 625 1592 iam
642 1535 753 1594 iunctis
768 1531 878 1594 habent

170 1638 185 1680 a
203 1637 249 1680 me
265 1618 381 1697 sepulti.
412 1626 519 1696 gnatus
534 1617 582 1678 hic
597 1618 690 1678 fatum
705 1617 786 1684 tulit,

170 1705 218 1764 hic
232 1711 261 1763 te
276 1703 397 1763 uidente
413 1702 529 1763 dabitur
546 1704 634 1762 exitio
651 1704 724 1779 pari.
1065 1761 1070 1766 ,

135 1797 154 1846 1
213 1800 278 1848 ins,
302 1788 360 1848 Per
377 1804 484 1849 numen
502 1804 590 1847 mnne
605 1804 720 1864 perque
736 1803 908 1847 communes
924 1787 1008 1863 sugas
1091 1791 1163 1840 1010

169 1882 311 1949 torosque
327 1888 401 1948 quos
417 1888 476 1930 ncn
492 1879 593 1931 nostra
609 1869 734 1930 uiolauit
749 1871 838 1939 fides,

169 1959 226 2016 iam
241 1974 331 2034 parce
346 1963 424 2015 nato.
456 1955 574 2032 siquod
591 1961 635 2017 est
651 1956 779 2024 crimen,
795 1972 894 2016 meum
911 1963 972 2015 est:

170 2059 216 2100 me
232 2039 308 2100 dedo
324 2043 426 2105 morti,
443 2041 563 2099 noxium
582 2049 677 2098 macta
694 2046 792 2116 caput.

135 2123 163 2182 k'
215 2137 300 2183 nnn.
325 2124 386 2184 Hac
402 2141 459 2201 qua
474 2140 594 2183 recusas
611 2141 668 2201 qua
684 2122 779 2192 dolen,
799 2123 910 2183 terrum
928 2125 1054 2200 exigam.

170 2209 179 2268 i
194 2226 274 2267 nunc
290 2207 433 2285 superbe,
451 2210 601 2286 uirginum
618 2206 763 2268 thalamos
778 2216 855 2286 pete.
1088 2210 1162 2261 1015

170 2291 303 2371 relinque
318 2300 438 2352 matres.

169 2389 233 2436 ins.
467 2393 543 2436 unus
559 2384 603 2437 est
619 2388 733 2454 poenae
748 2377 828 2436 satis.

169 2473 254 2520 Mun.
279 2462 303 2519 si
319 2469 419 2538 posset
433 2479 490 2521 una
507 2461 596 2521 caede
612 2462 712 2522 satiari
727 2463 801 2522 lraec
817 2477 938 2520 manus:

169 2543 278 2604 nullam
294 2546 423 2623 petisset.

136 2634 167 2684 k‘
461 2631 497 2689 Vt
513 2629 586 2690 duos
601 2630 759 2708 perimam:
784 2637 881 2688 tamen
919 2635 924 2644 ’

170 2713 293 2772 nimium
310 2720 353 2773 est
369 2713 462 2773 dolori
479 2731 622 2774 numerus
638 2720 781 2791 angustus
797 2729 873 2773 meo.

170 2797 199 2856 in
215 2804 309 2857 matre
326 2797 443 2877 siquod
460 2799 567 2876 pignus
584 2799 753 2859 etiamnunc
768 2796 852 2866 latet,

171 2880 326 2941 scrutabor
343 2900 413 2943 ense
430 2884 545 2944 uiscera
563 2889 592 2942 et
608 2875 693 2942 lerrc'
706 2881 868 2941 extraham.

236 3219 287 3268 994
306 3223 351 3268 eat
361 3218 452 3268 scelus
464 3218 489 3268 Α
510 3217 601 3269 scelus
615 3214 718 3283 001ΕΙΙ
734 3218 783 3267 990
801 3214 899 3282 potens
913 3219 938 3267 Ε
955 3221 1054 3282 potens
1067 3233 1087 3267 α

5 3317 6 3324 1
168 3289 248 3349 potes
266 3294 290 3350 ψ
305 3281 318 3352 Η
334 3288 384 3336 999
402 3301 503 3351 magna
515 3301 557 3335 me
572 3290 600 3334 et
612 3285 729 3335 inuitem
741 3285 766 3333 E
785 3290 813 3335 et
831 3300 878 3337 om.
896 3285 922 3336 A
941 3300 1045 3350 magne
1057 3288 1087 3334 et

5 3353 6 3374 ¹
102 3371 105 3377 ⁴
168 3352 284 3404 inuitam
302 3356 333 3405 ci.
353 3354 546 3416 Henneberper.
561 3349 650 3419 ll1001
669 3353 729 3417 ipae
747 3353 773 3401 A
791 3353 846 3402 iate
865 3351 890 3400 Ε
905 3348 919 3419 ll
935 3353 1042 3402 lectum
1060 3353 1086 3402 A

5 3423 6 3430 ’
168 3418 239 3468 faeti
257 3419 282 3469 E
305 3416 317 3486 ΙΙ
342 3423 407 3472 1013
425 3420 494 3470 dede
513 3422 538 3469 Α
566 3421 636 3472 dedo
655 3421 681 3470 Ε
701 3415 714 3485 [Ι
739 3421 803 3470 1017
827 3419 926 3470 satiari
944 3434 1041 3470 manue
1059 3419 1087 3468 A

170 3486 268 3537 aetiani
288 3503 305 3536 0
323 3502 420 3536 manus
438 3486 464 3536 Ε
481 3503 549 3537 corr.
571 3488 649 3538 Gron.
673 3483 685 3552 H
