2550 3917
532 200 712 251 uumerus

266 425 309 511 [et
317 435 410 505 putat
424 432 523 503 merci
534 445 591 490 sna
598 445 692 504 posse
700 445 825 505 pauper

262 530 360 588 repnu
374 514 500 573 Laertes
513 514 626 574 ithaca
642 507 813 595 tremente]

143 680 159 729 f
307 681 339 742 Si
354 699 425 742 snae
439 682 536 743 uentis
551 682 686 742 cecidere
701 682 790 753 uires,

265 764 337 834 alte,
355 782 430 843 quae
445 766 530 826 nauis
544 767 642 826 timuit
657 783 758 825 secare

266 851 335 909 irinc
350 857 380 909 et
394 851 463 911 hinc
478 851 550 911 fusis
565 852 693 929 spatiosa
710 850 793 919 ueiis,

265 942 356 995 strate
371 933 485 995 ludenti
499 942 623 1013 patuere
638 934 771 995 cumbae.

308 1102 407 1165 Mitius
421 1111 525 1183 stagno
540 1102 663 1183 pelagus
678 1103 825 1166 recumbit

268 1195 297 1247 et
311 1190 397 1249 na'cat
411 1206 526 1249 mersos
541 1206 700 1261 numerare
716 1189 812 1269 pisces

268 1272 317 1331 hic
329 1274 380 1334 ubi
395 1275 506 1351 ingenti
522 1274 611 1333 modo
627 1272 684 1333 sub
699 1273 830 1354 procella

268 1356 408 1439 Cyclades
423 1366 548 1436 pontum
563 1359 692 1418 timuere
708 1366 814 1419 motae.

262 1494 276 1512 Ι
311 1526 398 1588 Nulla
414 1544 479 1587 sors
494 1526 582 1606 longa
599 1534 657 1587 est:
675 1526 760 1587 delur
775 1546 810 1587 ac
825 1525 962 1604 uoluptas

268 1612 395 1672 inuicem
412 1610 534 1681 cedunt,
551 1611 673 1671 breuior
688 1612 832 1689 uoluptas.

269 1698 327 1757 ima
343 1702 493 1776 permutat
507 1694 582 1757 leuis
597 1696 671 1757 hore
689 1698 823 1757 summis.

315 1865 381 1937 lile,
397 1868 448 1943 qui
463 1866 553 1926 donat
569 1865 703 1927 diadema
718 1866 817 1936 fronti,

272 1969 359 2030 quem
375 1969 454 2029 genu
468 1952 556 2011 nixae
570 1956 721 2011 tremuere
736 1959 847 2030 genten,

273 2035 354 2095 cuius
369 2036 405 2095 ad
422 2042 525 2095 nutum
541 2052 669 2112 posuere
685 2034 762 2096 bella

272 2119 375 2179 Medus
390 2129 420 2181 et
432 2119 545 2181 Phoebi
560 2120 709 2199 propioris
723 2119 813 2181 Indus

274 2210 302 2263 et
317 2204 416 2266 Dahae
430 2203 548 2265 Parthis
564 2206 692 2282 equitem
710 2206 825 2265 minati:

316 2374 428 2433 Anxius
443 2379 594 2452 sceptrum
610 2379 692 2433 tenet
708 2381 737 2433 et
751 2382 907 2434 mouentes

276 2465 379 2518 cuncta
396 2458 508 2517 diuinet
524 2459 686 2539 metuitque
702 2476 787 2518 casus

256 2541 399 2613 ,mobiles
413 2560 516 2602 rerum
532 2541 714 2620 dubiumque
729 2550 854 2622 tempus⁸

317 2715 375 2773 Vos
391 2711 498 2789 quibus
514 2719 613 2773 rector
627 2712 719 2771 maris
735 2718 823 2791 atquc
837 2718 935 2772 terrae

176 2864 180 2870 ,
276 2798 319 2855 ius
328 2795 416 2857 dedit
430 2814 569 2875 magnum
584 2797 665 2857 necis
681 2802 768 2873 etque
785 2798 871 2866 uitae,

276 2884 376 2957 ponite
391 2879 507 2940 inflatos
522 2882 711 2960 tumidosque
727 2880 840 2942 uultus:

277 2966 415 3044 quicquid
432 2983 447 3024 a
463 2964 550 3026 nubis
565 2968 664 3027 minor
679 2967 857 3043 expauescit,
1123 2982 1175 3031 610

276 3049 443 3111 mainrhnc
459 3050 546 3111 uobis
561 3050 698 3111 dominus
714 3052 852 3111 minatur.

271 3222 330 3271 586.
352 3221 403 3271 587
431 3221 601 3284 interpolatos
622 3235 678 3269 enee
702 3220 767 3269 uidit
788 3220 857 3270 R.P.
894 3220 1006 3270 lacunam
1028 3220 1108 3268 statui

193 3292 265 3339 unna
280 3306 305 3341 u.
329 3285 341 3355 ΙΙ
364 3289 414 3340 589
425 3295 485 3353 poet
502 3290 552 3338 592
569 3289 702 3338 reuocauit
720 3288 785 3337 BP.
808 3284 820 3352 11
843 3289 891 3338 591
911 3288 1034 3353 spetiosa
1046 3286 1071 3335 E
1083 3282 1094 3349 U

194 3358 242 3407 597
266 3372 313 3407 om.
329 3354 376 3419 E¹‚
395 3359 422 3406 in
439 3372 519 3421 murp.
538 3354 575 3405 E²
597 3351 609 3420 Η
638 3355 688 3406 598
706 3355 836 3405 breuisA
860 3355 931 3405 leuis
950 3354 999 3418 Εψ
1023 3351 1034 3419 ΙΙ
1058 3354 1106 3403 603

194 3422 281 3473 dacae
299 3424 324 3473 A
353 3423 442 3475 danae
462 3424 488 3472 Ε
521 3420 534 3489 [i
574 3424 624 3474 605
647 3422 759 3473 diuitias
777 3424 802 3473 A
829 3421 939 3473 diuinas
957 3424 1014 3472 eod.
1033 3420 1106 3483 Gelo:

193 3492 295 3542 niensis.
317 3508 340 3542 c.
359 3493 466 3542 diuinet
477 3492 544 3541 ΛΕΕ
565 3487 577 3558 li
592 3493 642 3541 610
662 3491 818 3541 extimescit
829 3492 854 3539 A
874 3488 1036 3553 expaueitcit
1048 3486 1074 3534 E
1084 3482 1096 3550 ΙΙ

245 3609 366 3645 SENECAE
385 3609 467 3644 TBAG.
885 3571 905 3632 6
