2550 3917
546 172 708 219 TROADES

169 312 339 391 tumuloque
355 312 465 371 donum
483 310 569 375 detur
585 317 614 371 et
629 312 745 370 cineres
761 312 838 389 riget

168 405 199 458 et
214 398 325 458 lacinus
341 404 424 456 atrox
442 396 539 455 caedis
553 402 586 455 ut
602 394 746 455 thalamos
760 396 889 456 uocem?

168 500 227 542 nou
244 482 347 558 patiar.
379 482 408 539 in
424 498 471 539 me
488 478 572 557 culpa
590 487 766 539 cunctorum
782 480 861 540 redit

170 565 238 645 [qui
250 582 309 625 uon
323 572 408 626 uetat
418 581 569 640 peecare,
587 582 655 625 com
667 568 777 639 possit,
796 563 900 643 iubet]
1104 573 1157 621 300

130 678 151 711 a
213 662 337 709 Pleuit.
362 646 520 709 Nullumne
535 646 655 708 Achillis
676 650 838 726 praemium
855 666 956 707 manes
971 649 1086 708 serenti

167 748 278 795 Aeeta.
304 736 400 794 lereut
416 740 446 791 et
460 732 541 793 illum
559 732 694 792 laudibus
710 735 808 791 cuncti
824 740 931 792 canent

168 836 367 895 magnumque
383 824 480 876 terrae
497 835 603 877 nomeu
620 818 737 892 ignotae
752 817 882 878 audient.

131 906 158 963 a'
213 901 297 971 Quod
314 904 338 963 si
353 901 469 962 leuatur
485 902 627 979 sauguine
643 902 741 961 inluso
758 902 849 970 cinis,

168 989 267 1065 opima
284 986 401 1065 phrygii
417 984 490 1045 colla
507 986 668 1045 caedantur
683 986 781 1062 gregis

167 1071 301 1147 ssuatque
317 1070 390 1129 nulli
405 1069 512 1129 flebilis
529 1070 616 1129 matri
632 1087 731 1129 cruor.

132 1159 169 1217 εἶ’
215 1154 286 1225 Quis
301 1155 356 1214 iste
372 1173 437 1214 mos
453 1162 498 1214 est
514 1154 631 1231 quaudo
647 1155 676 1211 io
693 1155 813 1213 inferias
828 1153 918 1212 homo
935 1160 979 1212 est

167 1242 313 1316 inpensus
329 1238 474 1299 hominis?
499 1238 622 1297 detrahe
639 1238 780 1298 inuidiam
797 1246 849 1298 tuo

168 1324 330 1401 odiumque
347 1324 423 1400 patri
440 1340 528 1400 quem
545 1321 602 1381 coli
618 1340 712 1398 poena
730 1322 824 1382 iuhes.

130 1422 149 1470 b
217 1420 341 1466 ericen.
365 1408 390 1467 0
408 1407 517 1465 tumide
533 1424 633 1466 rerum
650 1406 720 1465 dum
735 1406 932 1466 secundarum
949 1413 1042 1465 status
1107 1414 1158 1463 310

168 1490 283 1552 extollit
299 1493 427 1560 animos,
444 1491 544 1551 timide
560 1508 626 1550 cum
645 1493 770 1550 increuit
786 1498 893 1551 metus.

167 1594 274 1653 regum
291 1583 415 1655 tyranne
430 1577 528 1635 iamne
543 1573 725 1634 flammatum
742 1577 822 1651 geris

167 1679 272 1721 amore
287 1660 384 1720 subito
401 1666 503 1737 pectus
520 1678 554 1718 ac
569 1660 691 1720 ueneris
707 1661 821 1718 nouae?

168 1744 289 1805 solusne
305 1746 413 1805 totiens
428 1742 520 1821 spolia
538 1744 574 1804 de
590 1743 676 1802 nohis
692 1744 790 1803 leresl

167 1830 226 1889 hac
242 1828 344 1889 dextra
361 1827 464 1887 Achilli
479 1829 628 1888 uictimam
644 1827 766 1887 reddam
783 1846 877 1888 suam.

131 1914 159 1973 b'
217 1912 310 1983 Quam
328 1913 351 1973 si
368 1929 456 1987 negas
472 1914 641 1990 retinesque
658 1912 800 1971 maiorem
817 1910 894 1971 daho

168 1999 349 2075 dignamque
364 2014 452 2074 quam
468 1996 517 2057 det
531 1994 675 2074 Pyrrhus.
708 2004 737 2055 et
753 1998 875 2055 nimium
893 1996 943 2055 diu

169 2102 187 2141 a
204 2080 293 2141 caede
310 2088 409 2140 nostra
425 2082 505 2155 regia
522 2089 617 2140 cessat
634 2097 739 2140 manus

169 2183 333 2245 paremque
348 2167 443 2243 poscit
458 2164 602 2224 Priamus,
662 2193 664 2196 ·

169 2263 282 2309 Aaou.
642 2248 719 2307 haud
737 2249 873 2326 equidem
891 2267 966 2325 nego

170 2335 228 2409 hqc
244 2352 311 2394 esse
325 2333 431 2412 Pyrrhi
449 2334 608 2393 maximum
624 2334 655 2391 iu
672 2331 750 2393 hello
766 2334 857 2393 decus
1109 2339 1161 2387 300

170 2437 261 2479 saeuo
279 2425 450 2495 peremptus
467 2435 537 2477 ense
554 2417 631 2494 quod
648 2416 783 2477 Priamus
799 2418 874 2477 iacet
965 2472 970 2481 .

171 2502 296 2581 supplex
313 2509 463 2580 paternus.

133 2614 151 2647 o
213 2599 340 2647 PYRRH.
496 2584 652 2664 Supplices
667 2586 761 2644 nostri
778 2587 869 2661 patris

173 2673 330 2749 hostesque
347 2671 466 2730 eosdem
484 2671 629 2729 nouimus.
660 2669 795 2730 Priamus
810 2678 908 2730 temen

173 2773 315 2833 praeseus
331 2757 460 2832 rogauit,
477 2763 508 2813 tu
525 2756 610 2829 graui
626 2754 753 2829 pauidus
769 2762 849 2813 metu

173 2860 228 2900 nec
243 2841 279 2900 ad
297 2840 459 2917 rogandum
477 2839 562 2897 fortis
578 2839 659 2897 Aiaci
675 2856 779 2915 preces
1108 2844 1160 2893 325

174 2926 332 3002 lthacoque
349 2922 470 2983 mandas
487 2922 603 2982 clausus
619 2932 706 2999 atquc
724 2922 837 2982 hostem
852 2930 992 2981 tremens
1038 2932 1155 2973 uxxvu

242 3146 291 3194 297
310 3144 481 3206 tumultoque
500 3142 524 3189 E
536 3138 546 3206 ll
560 3142 659 3189 donum
678 3149 715 3203 εψ
735 3142 805 3191 dono
825 3158 843 3190 α
855 3140 866 3206 Η
878 3143 929 3191 298
947 3143 1049 3189 uoceut
1068 3138 1092 3186 Ε

175 3261 269 3295 uocem
283 3246 307 3294 A
320 3242 331 3308 ΙΙ
344 3246 393 3295 300
412 3243 494 3292 deterri
505 3238 516 3306 ll
529 3244 579 3291 304
597 3217 708 3290 linatur
725 3240 773 3304 (lit.
789 3258 806 3290 a
823 3259 854 3291 m.
874 3240 963 3302 tertio)
982 3237 1007 3289 Ε
1018 3236 1030 3304 Η
1042 3240 1092 3291 306

174 3314 276 3362 flebilis
294 3320 332 3375 εψ
351 3311 437 3361 flebili
456 3325 474 3359 α
486 3305 497 3374 {l
514 3310 563 3359 307
583 3309 662 3359 homo
682 3314 725 3357 eet
742 3310 782 3358 εΑ
800 3306 811 3375 ΙΙ
823 3311 873 3359 308
892 3309 1010 3358 hominis
1028 3307 1054 3356 E
1072 3313 1091 3355 t.

176 3380 272 3431 IGron.
285 3380 356 3443 Mop.
376 3377 479 3428 homini
492 3378 516 3425 A
535 3376 613 3425 homo
627 3377 645 3425 i.
658 3376 761 3425 homini
776 3383 818 3425 est
829 3377 880 3429 Bo.
893 3371 905 3441 ΙΙ
923 3378 971 3426 311
986 3374 1094 3425 estollit.

178 3442 353 3512 Essincreuit
372 3446 396 3495 lt
414 3444 552 3507 increpuit
572 3440 619 3508 All
632 3446 681 3493 313
700 3444 792 3493 subito
812 3444 860 3507 Εψ
881 3443 962 3494 solito
982 3445 1005 3492 A
1036 3439 1048 3508 Η

229 3546 351 3580 scureto
366 3545 447 3581 ruho.
578 3568 583 3579 .
853 3525 893 3588 16
