2550 3917
193 222 259 287 250
477 238 507 283 n.
525 237 657 284 aunam
673 236 831 283 sennenn

192 395 312 454 semper
326 376 452 445 tenebit,
469 393 586 453 semper
602 395 617 435 a
634 383 717 451 tergo
733 376 822 435 timor

194 464 345 541 respicere
361 468 447 538 coget
463 478 543 520 arma
561 462 615 520 usp
631 462 700 537 poni
715 461 805 528 sinet,

193 546 264 606 dum
281 545 446 624 Phrygibus
461 547 575 605 animos
591 554 698 621 gnatus
713 548 827 604 euersis
841 544 922 603 dabit

194 630 401 691 Andromacha
419 638 527 689 uester.
604 644 607 649 ·

195 729 299 775 nunu.
590 730 686 789 augur
701 712 774 772 haee
790 711 913 773 Calchas
928 713 1024 772 canit?

147 824 150 831 ·
193 813 249 860 vn.
275 808 304 859 et
318 800 342 858 si
357 805 470 857 taceret
484 814 578 873 augur
594 798 668 857 haee
682 796 820 866 Calchas,
837 804 936 856 tamen

195 883 309 944 dicebat
327 882 436 943 flector
452 884 535 942 euius
552 890 581 941 et
595 884 718 959 stirpem
734 882 853 941 horreo.

196 967 357 1049 [generosa
372 972 404 1027 in
420 975 504 1027 ortus
518 970 631 1027 semina
646 973 803 1040 exercunt
815 963 909 1044 suos]
972 988 975 992 ¹

160 1046 187 1106 b'
240 1050 351 1111 Sicilie
368 1052 466 1129 magni
483 1068 592 1127 paruus
608 1052 734 1110 armenti
750 1068 850 1109 comes

195 1136 356 1215 primisque
373 1135 502 1195 nondum
521 1134 662 1194 cornibus
677 1135 793 1193 findens
808 1142 903 1194 cutem

196 1222 312 1281 ceruice
328 1218 426 1280 subito
442 1218 537 1279 celsus
553 1225 582 1279 et
597 1219 694 1279 ironte
709 1218 818 1278 arduus

195 1322 316 1383 gregem
333 1310 487 1382 paternum
504 1304 585 1363 ducit
600 1322 633 1362 ac
648 1304 750 1381 pecori
765 1304 899 1383 imperat.

185 1408 271 1467 ,quae
286 1396 390 1449 tenera
406 1406 492 1448 caeso
509 1389 590 1464 uirga
608 1388 645 1447 de
660 1394 767 1447 trunco
783 1388 877 1453 stetit,

196 1492 250 1550 par
265 1474 326 1550 ipsa
343 1474 429 1531 matri
445 1480 578 1550 tempore
596 1474 703 1547 exiguo
719 1470 798 1532 subit

195 1556 374 1634 umbrasque
391 1557 478 1616 terris
494 1555 592 1615 reddit
607 1563 635 1615 et
651 1554 733 1615 caeto
749 1574 862 1616 nemus.

159 1661 177 1695 c
238 1641 287 1701 Sic
304 1640 377 1701 maie
392 1640 514 1701 relictus
529 1641 596 1717 igne
612 1640 649 1699 de
664 1657 770 1717 magno
787 1641 860 1699 cinis

195 1727 274 1786 uires
291 1727 422 1785 resumit.
454 1725 633 1802 estquidam
650 1726 774 1785 iniustus
790 1724 875 1783 dolor

194 1827 295 1871 rerum
314 1811 495 1878 aestimator,
513 1811 537 1867 si
553 1820 649 1868 tamen
666 1819 762 1868 tecum
780 1811 893 1885 exigas,

195 1896 313 1954 ueniam
330 1893 414 1954 dabis
428 1893 507 1969 quod
524 1891 599 1953 helia
617 1903 683 1970 post
697 1892 809 1953 hiemes
825 1894 928 1953 decem

196 1979 377 2057 totidemque
393 1995 503 2037 messes
518 1978 575 2036 iam
592 1995 683 2038 senex
700 1977 783 2037 miies
800 1979 884 2037 timet

195 2062 324 2141 aliasque
341 2061 440 2122 clades
455 2079 560 2122 rursus
576 2080 609 2121 ac
627 2080 787 2139 numquam
805 2061 882 2123 bene

195 2146 313 2207 Troiam
331 2148 484 2205 iacentem.

160 2223 185 2283 c'
526 2230 630 2305 Magna
647 2223 696 2290 re's
712 2230 826 2289 [taneos
842 2236 942 2289 mouet

195 2316 312 2375 intimus
328 2314 450 2373 Hector:
475 2312 567 2375 libera
584 2316 688 2375 Graios
703 2322 793 2375 metu.

195 2400 268 2461 haec
286 2416 341 2459 una
358 2416 449 2458 narres
464 2416 551 2459 causa
568 2399 709 2459 deductas
725 2407 819 2467 tenet,

195 2484 242 2545 itis
257 2482 359 2543 classis
375 2482 486 2542 haeret.
519 2500 594 2543 neue
611 2482 762 2543 crudelem
780 2490 865 2561 putes

195 2568 274 2646 quod
290 2574 370 2627 sorte
384 2568 481 2626 iussus
498 2566 633 2627 Hectoris
649 2575 769 2644 gnatum
787 2574 898 2643 petam:

195 2654 332 2729 petissem
348 2650 484 2711 Oresten.
515 2659 617 2729 patere
632 2650 710 2730 qnod
729 2653 823 2710 uictor
840 2651 913 2711 tulit.

158 2821 179 2871 d
239 2834 343 2881 nunu.
362 2821 477 2880 Vtinam
489 2821 606 2897 quidem
620 2837 701 2896 esses
711 2826 819 2897 gnate
832 2828 964 2879 materna
976 2818 1004 2877 in
1017 2836 1109 2879 mauu
1128 2830 1179 2880 565

198 2923 374 2982 nossemque
390 2906 454 2982 quis
469 2912 499 2965 te
515 2923 599 2965 casus
616 2912 749 2981 ereptum
766 2903 837 2963 mihi

262 3107 311 3157 542
334 3106 527 3157 Andromacha
545 3123 590 3159 ont.
614 3115 637 3171 ψ
654 3103 666 3171 ΙΙ
684 3107 738 3155 AN.
758 3110 852 3155 uester
871 3120 958 3170 augur
976 3106 1001 3155 Α
1026 3106 1109 3156 ΑΝΙ).

194 3175 255 3223 Hae
274 3178 367 3224 uester
390 3182 517 3237 erigimur
548 3176 604 3227 AN.
627 3190 675 3224 om.
698 3174 724 3221 E
752 3170 763 3239 Ι]
792 3172 985 3222 Andromacha
1006 3177 1109 3226 uester.

194 3242 278 3291 ΛΝΒ.
303 3243 397 3304 Augur
420 3242 612 3307 Henneherger.
644 3241 836 3291 Andromacha
854 3254 980 3306 sospes.
1001 3240 1052 3289 ult.
1076 3257 1111 3292 an

194 3309 277 3358 AND.
291 3310 427 3358 Dexter?
439 3306 450 3373 h
462 3311 512 3359 543
524 3311 580 3358 VL.
596 3310 620 3358 Α
640 3326 685 3361 om.
702 3309 725 3357 Ε
743 3309 779 3357 At
792 3310 816 3358 si
827 3317 851 3372 ψ
863 3305 875 3375 Η
887 3309 956 3357 haec
969 3323 1071 3357 caecas
1085 3310 1110 3357 Ε

194 3374 247 3424 hoe
267 3374 387 3425 Calchas
407 3376 429 3425 Α
450 3380 478 3425 et
497 3376 588 3425 calcas
606 3386 630 3439 ψ
648 3374 659 3441 ΙΙ
675 3380 725 3427 545
742 3378 832 3425 sustuli
846 3373 857 3441 ΙΙ
873 3377 923 3427 555
942 3377 1066 3425 excutias
1084 3376 1111 3425 Ε

194 3448 212 3493 ι.
225 3442 242 3490 I
244 3442 321 3491 Gron.
333 3442 344 3503 (
346 3444 369 3505 Ρ)
381 3440 393 3506 ΙΙ
405 3444 454 3493 556
467 3443 570 3491 hiemes
586 3443 608 3491 E
627 3460 714 3494 annos
724 3444 748 3492 A
762 3440 773 3508 ΙΙ
785 3445 834 3493 557
847 3457 952 3493 messes
964 3443 1019 3492 emt
1035 3458 1111 3493 men·

194 3523 240 3557 ses
259 3506 369 3573 Α11560
387 3510 477 3558 libera
496 3525 545 3559 nos
563 3510 615 3559 hoc
635 3526 669 3560 m.
689 3512 713 3560 A
733 3511 751 3559 i.
771 3512 865 3573 graios
882 3526 916 3562 m.
934 3509 1001 3559 ΕΛΕ
1022 3506 1035 3575 ΙΙ
