2550 3917
565 1090 715 1139 HECVBA.

137 1256 171 1307 αθ
223 1247 407 1325 Quicumque
422 1262 515 1323 regno
530 1246 594 1307 fidit
609 1255 640 1308 ct
654 1264 761 1324 magna
775 1256 881 1326 potens

175 1331 346 1393 dominatur
361 1330 428 1393 aula
443 1349 499 1392 nec
513 1330 597 1392 leues
611 1333 716 1393 metuit
730 1333 802 1393 deos

176 1417 369 1494 animumque
385 1414 475 1477 rebus
490 1415 647 1477 credulum
663 1416 747 1477 Iactis
762 1416 856 1485 dedit,

174 1520 225 1562 me
241 1501 340 1562 uideat
355 1508 385 1562 et
399 1508 429 1561 tc
444 1502 551 1561 Troia:
575 1518 636 1560 uon
653 1518 794 1578 umquam
809 1501 876 1561 tuiit

175 1586 354 1647 documenta
371 1585 433 1647 sors
448 1587 559 1645 maiora
576 1602 664 1665 quam
680 1584 777 1661 fragili
792 1585 858 1646 Ioco

173 1678 289 1731 starent
303 1669 434 1749 superbi.
465 1668 603 1731 columen
619 1687 757 1731 euersum
772 1670 880 1731 occidit

173 1753 315 1835 pollentis
330 1756 415 1815 Asiae
431 1752 567 1815 caelitum
585 1756 724 1833 egregius
738 1752 833 1814 labor.

137 1865 156 1899 a
221 1839 265 1899 nd
281 1840 364 1899 cuius
380 1857 461 1900 arma
480 1839 562 1901 uouit
577 1847 607 1899 ct
621 1840 672 1917 qui
686 1838 827 1915 frigidum

172 1931 299 2003 septena
314 1923 427 1984 Tanain
443 1940 493 1983 ora
510 1922 689 2001 pandentem
706 1922 780 1983 bibit

149 2064 155 2069 .
173 2016 206 2070 et
221 2010 273 2087 qui
286 2014 424 2069 renatum
439 2010 553 2085 primus
569 2008 719 2085 excipiens
734 2008 813 2068 diem

172 2092 308 2171 tepidum
324 2091 446 2153 rubenti
461 2092 563 2169 Tigrin
579 2092 717 2153 inmiscet
730 2092 808 2152 freto

173 2184 206 2239 et
221 2195 298 2255 quae
313 2194 405 2254 uagos
420 2178 517 2238 uicina
534 2178 721 2255 prospiciens
736 2177 860 2255 Scythas

171 2262 271 2340 ripam
288 2262 418 2322 cateruis
431 2264 580 2339 ponticam
596 2261 694 2322 uiduis
709 2261 791 2330 ierit,

175 2348 278 2407 excisa
295 2345 376 2406 ferro
393 2354 445 2407 est.
477 2346 654 2423 Pergamum
670 2344 803 2406 incubuit
819 2345 889 2407 sibi.

171 2506 378 2519 ——-...

244 2598 412 2649 TROADES
426 2598 451 2646 E
461 2598 487 2647 V
496 2600 523 2647 in
534 2599 703 2662 inscriptione
721 2598 840 2650 TROAS
853 2601 878 2650 A
894 2601 956 2652 rrae.
968 2603 1004 2651 ad
1014 2618 1038 2650 u.
1052 2602 1094 2650 64.

171 2668 323 2731 refutarunt
341 2666 458 2730 Scaliper
475 2673 501 2715 et
519 2666 612 2715 Daniel
628 2667 752 2716 Heinsius
770 2670 870 2717 conlato
888 2670 1037 2733 euripidece
1052 2668 1095 2731 fa-

172 2736 249 2786 bulae
263 2735 360 2785 nomine
372 2732 521 2783 HEOVBA
538 2734 595 2783 cod.
611 2735 775 2797 lupdnnencie
790 2738 816 2783 in
829 2736 850 2797 s.
865 2735 985 2785 Valerius
994 2734 1096 2785 Probuc

172 2803 243 2853 Inet.
262 2808 312 2851 nrt.
330 2818 358 2867 p.
377 2804 417 2859 47,
437 2804 477 2851 10.
496 2817 524 2864 p.
544 2804 585 2861 ⁷5,
606 2804 623 2850 3
641 2802 674 2850 L.
714 2800 851 2852 INCIPIT
869 2801 1068 2851 FELICITER
1088 2801 1092 2867 Ι

173 2868 356 2919 TROADVM
370 2870 385 2908 i·
398 2867 547 2918 HECVBA
559 2868 584 2916 E
602 2866 691 2917 Marci
703 2868 784 2931 Lucij
799 2871 869 2919 Anci
882 2869 988 2919 Seneca
1000 2870 1094 2919 Troas

173 2936 316 3001 TragedIa
335 2940 416 2986 sexte
434 2931 577 3000 feliciterl
596 2935 710 3001 Incipii.
727 2936 731 2998 Ι
746 2935 931 2986 HECVBAB
949 2937 1050 3001 Incipit
1067 2939 1095 2988 6·

175 3003 281 3055 excidii
307 3004 376 3053 troie
406 3008 434 3052 et
459 3002 588 3069 planctus
616 3002 723 3053 hecuba
752 3019 812 3053 cum
836 3004 919 3054 choro
947 3013 995 3057 etc.
1036 3006 1094 3055 cod.

174 3073 340 3136 lugdunensis
358 3088 383 3121 n.
403 3074 463 3120 370.

244 3326 260 3373 4
283 3338 337 3373 non
356 3337 495 3387 nunquam
513 3321 547 3371 E¹
572 3337 760 3387 nonunquam
781 3323 808 3385 (n
827 3323 914 3388 eroso)
934 3322 970 3372 Εε
985 3319 998 3389 ll
1014 3323 1030 3371 6
1049 3337 1094 3373 cc·

178 3390 285 3453 ciditrb
308 3388 320 3457 ΙΙ
342 3393 359 3443 8
378 3405 448 3455 quoe
466 3390 491 3439 Ε
506 3390 582 3455 prob.
603 3392 678 3444 NHc.
708 3391 757 3455 qui
776 3393 799 3440 A
824 3387 837 3457 ΙΙ
861 3394 892 3441 10
914 3393 1017 3457 primus
1041 3390 1097 3455 Ep

183 3457 256 3509 Voce.
274 3474 321 3523 mp.
339 3472 451 3523 prorsus
470 3460 494 3506 A
518 3473 620 3522 pronus
638 3459 784 3509 Scriueriuc
807 3455 819 3525 ss
