2550 3917
212 186 254 251 tt
492 202 523 249 u.
540 200 672 249 aunam
688 200 846 249 senecas

406 339 499 402 Nullis
515 346 583 400 nota
600 340 763 412 Quiritibus

364 432 444 487 aetas
458 444 513 505 per
529 427 650 485 tacitum
666 425 747 485 iluat.

363 512 405 572 sic
421 528 488 571 cum
504 512 676 571 transierint
692 510 750 569 mei

363 594 443 657 nulle
460 614 527 656 cum
543 596 666 672 strepitu
683 595 754 663 dies,

363 679 497 761 plebeius
512 682 623 741 moriar
638 697 739 740 senex.

177 880 195 930 g
213 842 287 933 (lus)
407 849 451 936 llli
468 868 549 910 murs
565 851 665 927 grauis
680 848 808 917 incubat,

364 936 414 1013 qui
430 942 539 995 natus
555 936 642 994 nimis
657 933 807 1004 amnibus,

362 1021 516 1095 ignotus
536 1022 663 1079 meritur
679 1019 745 1079 sibi.
1245 1049 1247 1170 q

245 1233 435 1283 THYESTES.
466 1234 659 1281 TANTALVS.
690 1234 908 1281 Pntsrflnnns
924 1232 1085 1281 unamve.
1246 1227 1247 1290 l

177 1386 194 1419 s
298 1356 401 1436 Optata
418 1359 532 1433 patriae
547 1363 623 1417 lecta
640 1364 669 1416 et
683 1356 827 1434 argolicas
842 1374 923 1436 opes,

210 1441 385 1519 miserisque
400 1458 549 1502 summum
565 1458 599 1501 ac
614 1443 775 1501 maximum
792 1440 926 1502 exulibus
942 1440 1066 1511 benum,
1083 1484 1087 1489 -
1146 1454 1195 1504 405
1247 1407 1249 1528 l

210 1532 337 1586 tractum
353 1524 408 1586 seli
425 1525 528 1587 natalis
544 1534 573 1586 et
588 1527 701 1605 patrios
717 1526 788 1586 dees
1247 1533 1248 1572 ἴ

211 1610 246 1690 (si
260 1616 329 1671 sunl
342 1617 442 1671 tamen
458 1610 496 1689 di)
514 1628 614 1681 cerno,
631 1609 791 1689 Cyclopum
806 1628 908 1672 sacras
1248 1584 1250 1696 l

209 1702 307 1756 turres
323 1693 425 1755 labore
442 1696 536 1755 maius
552 1694 684 1755 humanu
700 1696 800 1764 decus,

213 1779 361 1841 celebrata
377 1781 479 1839 iuueni
494 1780 586 1840 stadia
602 1798 657 1858 per
672 1798 747 1858 quae
764 1780 871 1841 nobilis
1249 1763 1250 1842 l

211 1864 339 1944 palmam
356 1872 480 1943 paterne
496 1882 555 1925 nen
571 1863 664 1925 semel
680 1883 771 1925 curru
786 1864 850 1925 tuli.
1147 1876 1195 1923 410

181 1951 200 2001 b
260 1948 406 2009 Occurrat
420 1950 529 2027 Argos,
546 1948 674 2026 populus
690 1958 829 2009 occurret
843 1951 992 2028 frequens,

209 2033 262 2094 sed
277 2050 386 2110 nempe
403 2041 432 2094 et
446 2035 561 2094 Atreus
586 2041 690 2113 repete
707 2033 861 2095 siluestres
876 2035 961 2113 legas

210 2117 360 2195 saltusque
376 2117 483 2178 densos
498 2120 595 2196 potius
611 2128 640 2178 et
655 2120 776 2178 mixtam
794 2118 866 2179 ieris

210 2200 396 2280 similemque
412 2204 514 2263 uitam.
542 2202 640 2263 clarus
656 2202 704 2262 iric
718 2204 804 2280 regni
820 2203 900 2263 nitor

211 2286 326 2364 iulgore
341 2304 400 2347 nen
417 2287 555 2367 estquod
572 2286 674 2347 oculos
689 2287 762 2347 ialse
779 2288 903 2350 auferat.
1146 2296 1196 2346 416

212 2368 291 2455 [cam
307 2374 390 2447 quoa
402 2375 495 2434 datar
509 2374 668 2449 spectabis,
686 2380 716 2433 et
730 2375 853 2433 dantem
869 2366 1006 2453 adspice]

175 2472 191 2506 c
252 2455 337 2515 Medo
354 2458 430 2516 inter
446 2457 493 2517 illa
510 2476 585 2535 quae
603 2465 707 2534 putant
723 2458 822 2517 cuncti
838 2474 943 2535 aspera

209 2541 294 2600 fertis
310 2541 351 2600 iui
366 2540 533 2618 laetusque,
549 2558 630 2601 nunc
647 2549 750 2601 contra
768 2542 797 2600 in
814 2549 910 2602 metus

209 2625 366 2695 reuoluer,
383 2628 526 2686 animus
541 2626 674 2686 haeret
695 2644 729 2685 ac
745 2634 826 2685 retro
842 2627 923 2703 cupit

210 2728 318 2789 corpus
333 2711 457 2780 referre,
474 2728 579 2770 meueo
596 2709 749 2771 nolentem
765 2710 900 2788 gradum.
1146 2719 1196 2767 420

210 2808 313 2855 naar.
337 2796 422 2873 pigro
439 2795 518 2875 (quid
534 2796 591 2855 hec
607 2796 682 2873 esti]
700 2797 816 2873 genitor
831 2797 949 2856 incessu
965 2803 1065 2873 stupet

278 3000 327 3049 396
351 3002 476 3061 notaque
500 2998 639 3048 coetibus
663 3001 695 3047 ei.
714 2998 860 3049 LMaeller
891 2994 904 3065 ΙΙ
935 3000 993 3049 401.
1012 3000 1062 3049 402
1092 3002 1132 3049 in·

209 3080 286 3115 uersa
304 3067 394 3115 ordine
412 3068 529 3128 aequatur
546 3070 572 3114 tu
589 3065 622 3123 Ε,
641 3081 710 3115 carr.
730 3069 746 3113 2
763 3069 806 3115 ael
824 3069 840 3115 3
857 3083 889 3115 m.
913 3070 1007 3117 litteris
1030 3070 1134 3117 adscri-

208 3136 270 3197 ptis.
307 3130 319 3199 Η
352 3132 496 3195 Thyestes.
519 3132 700 3196 Phylistenes
717 3135 743 3182 A
774 3134 971 3184 THYESTES.
997 3134 1133 3186 TANTA—

209 3200 286 3251 Lvs.
305 3198 542 3251 Purs'rfluvae.
561 3200 727 3251 nucleus,
743 3201 769 3250 a
792 3198 804 3268 p
826 3203 877 3252 aaa
895 3207 1002 3252 tactum
1014 3203 1055 3253 Αε
1073 3208 1133 3253 era·

211 3272 284 3317 etum
304 3268 354 3318 Bo.
385 3264 397 3334 ΙΙ
424 3269 474 3317 412
498 3270 650 3334 subnempe
667 3269 693 3318 E
719 3276 830 3334 repetet
847 3270 873 3318 E
892 3270 917 3331 (t
935 3273 986 3321 del.
1006 3273 1023 3320 3
1040 3271 1085 3333 m.)
1108 3268 1122 3337 ss

209 3338 259 3387 415
278 3336 361 3401 quiq>
380 3335 450 3400 quod
463 3336 508 3386 Ea
525 3352 738 3389 amarmomini.
752 3353 787 3387 ex
800 3340 875 3400 Part,
893 3354 911 3402 p
932 3334 944 3405 ΙΙ
972 3340 1022 3389 416
1041 3347 1132 3403 quoqa

211 3403 276 3467 quid
295 3404 337 3453 aR
363 3403 474 3466 quodE
490 3420 590 3453 uersam
602 3406 651 3455 del.
665 3406 730 3458 R.P.
753 3399 765 3470 ΙΙ
788 3407 838 3454 421
858 3405 925 3469 Phy.
939 3407 965 3455 A
984 3406 1093 3457 ΤΑΝΤ.
1106 3406 1132 3455 Ε

211 3468 259 3533 (sic
270 3487 320 3535 per
332 3477 411 3521 tetam
421 3471 549 3537 scaenam)
572 3468 584 3537 {l
