2550 3917
404 212 587 261 nuncupas
604 200 792 281 [eurauvs]
996 198 1058 263 381

139 357 285 416 meritura
302 361 383 415 certe
399 371 527 431 corpore
543 352 704 431 amplectar
720 371 796 413 meu.

140 443 184 500 ire
200 441 244 499 ire
260 438 297 499 ad
312 437 434 499 umbras
450 437 586 498 Herculis
601 448 723 515 nuptam
740 437 812 498 libet

141 524 193 585 sed
210 541 270 585 uun
286 521 419 584 inultam.
450 522 560 602 siquid
577 541 592 582 e
609 531 711 583 uestro
726 521 854 583 Hercule

138 609 279 685 concepit
293 607 368 668 lule:
393 607 529 668 manibus
545 606 669 668 auellam
687 609 760 667 meis

140 701 210 753 ante
227 701 256 754 et
270 709 324 770 per
339 694 420 771 ipsas
434 691 578 770 paelicem
593 691 731 752 inuadam
748 692 837 752 laces
1078 702 1128 751 350

140 795 190 839 me
206 778 331 856 nuptiali
345 778 496 837 uictimam
510 778 599 838 feriat
613 776 661 837 die

140 862 282 931 infestus,
299 859 381 922 lulen
398 862 467 923 dum
483 879 574 940 supra
590 862 756 922 exanimem
773 878 867 920 ruam.

142 946 213 1007 selix
227 947 318 1014 iacet,
329 948 529 1025 quicumque,
546 964 621 1024 quos
636 944 712 1016 odit,
730 946 847 1022 premit.

141 1046 245 1091 nvnc.
262 1032 331 1111 quid
347 1034 410 1109 ipsa
425 1030 560 1091 flammas
574 1032 671 1108 pascis
686 1038 716 1091 et
730 1039 847 1092 uastum
863 1030 946 1090 foues

142 1115 221 1176 ultro
238 1114 371 1177 dolorem
386 1115 513 1176 misera?
534 1115 604 1193 quid
621 1132 737 1175 cassum
752 1115 857 1175 times?
1078 1122 1128 1171 355

142 1199 248 1260 dilexit
261 1198 342 1261 Iolen
358 1218 481 1279 nempe,
499 1217 566 1260 cum
582 1207 674 1260 staret
690 1216 798 1278 pareus

141 1285 282 1362 regisque
297 1293 395 1345 natam
411 1292 535 1364 peteret.
566 1302 603 1345 en
619 1284 746 1345 lamulae
762 1288 793 1345 ln
809 1282 906 1344 lecum

141 1371 247 1446 regina
263 1370 382 1429 cecidit:
406 1369 535 1447 perdidit
550 1370 630 1429 uires
646 1387 729 1430 amer

142 1454 286 1534 ulcusque
302 1453 338 1513 ab
354 1452 403 1513 illc
417 1454 508 1515 traxit
521 1453 623 1514 infelix
638 1460 725 1516 statu.

142 1537 254 1599 inlicita
270 1544 420 1609 amantur,
438 1537 545 1599 excidit
560 1537 701 1617 quicquid
717 1537 794 1599 licet.
1081 1545 1130 1594 360

144 1636 266 1683 numu.
286 1623 403 1683 fortuna
418 1640 550 1683 amorem
567 1624 650 1701 peior
666 1623 828 1683 inllammat
844 1622 945 1699 magis.

145 1717 225 1767 amat
240 1706 288 1768 uel
303 1709 417 1785 ipsum,
434 1708 512 1786 quud
529 1716 611 1767 caret
625 1708 721 1785 patrio
736 1707 813 1776 lare,

144 1793 225 1870 quod
242 1792 339 1852 nudus
355 1810 427 1852 auro
443 1792 532 1852 crinis
547 1799 577 1852 et
591 1810 707 1869 gemma
723 1792 813 1861 iacet,

145 1878 226 1955 ipsas
242 1877 412 1937 misericors
427 1877 527 1937 lersau
543 1893 702 1937 aerumnas
717 1884 803 1936 amat.

141 1975 248 2021 nuru.
264 1962 322 2021 hoc
338 1962 477 2021 usitatum
493 1968 537 2021 est
552 1960 688 2030 Herculi,
706 1967 807 2040 captas
823 1967 910 2020 amat.
1080 1968 1130 2017 365

143 2044 253 2106 dilecta
268 2046 377 2106 Priami
393 2063 500 2123 nempe
516 2044 650 2105 dardanii
665 2062 751 2105 soror

143 2147 286 2190 concessa
301 2128 409 2190 famula
426 2139 480 2190 est.
511 2129 594 2190 adice
609 2136 681 2209 quot
697 2137 803 2208 nuptas
817 2130 900 2209 prius

143 2221 219 2293 quet
234 2215 364 2292 uirgines
380 2213 495 2275 dilexit:
521 2215 632 2274 errauit
647 2231 749 2291 uagus,

144 2299 264 2359 arcadia
280 2317 387 2378 nempe
403 2299 487 2375 uirgo
503 2298 645 2375 palladius
660 2298 769 2359 choros

213 2554 263 2603 34⁷
276 2552 398 2603 herculis
410 2551 436 2601 E
447 2525 563 2602 Herculi
575 2552 642 2602 Ata
653 2547 665 2617 Η
677 2556 791 2684 nuptam
804 2548 930 2610 (nubtam
943 2558 961 2602 t.
975 2548 1064 2611 tiron.)

143 2619 170 2668 E
183 2619 304 2671 Basilia
323 2657 329 2670 .
347 2620 513 2683 innotamus
531 2620 633 2668 uictum
654 2620 679 2669 Α
709 2616 713 2682 Ι
749 2620 799 2669 348
819 2635 833 2668 e
851 2623 945 2669 nostro
964 2619 1012 2682 ep?
1031 2633 1065 2666 ex

145 2692 241 2737 nostro
259 2689 284 2737 Α
297 2636 374 2753 111649
394 2686 513 2737 anellum
531 2686 556 2735 Ε
574 2690 641 2737 ‘alit’
660 2694 678 2737 t.
699 2687 855 2737 Commelino.
875 2686 995 2735 euellam
1014 2685 1038 2733 A
1062 2682 1065 2749 l

144 2758 198 2806 355
221 2770 316 2804 casum
338 2771 360 2805 ω
391 2769 509 2804 cassum
533 2757 592 2805 edd.
616 2757 731 2805 Venetae
754 2761 779 2804 et
796 2754 907 2817 Herhip.
926 2754 1038 2817 Lipsius.
1063 2752 1065 2816 l

144 2824 198 2874 356
216 2838 279 2872 eum
298 2825 387 2871 staret
403 2837 503 2887 parens
521 2822 547 2870 Ε
575 2822 638 2872 dum
658 2827 765 2871 starent
781 2821 856 2871 lares
875 2824 900 2871 Α
927 2817 941 2887 {l
969 2821 1018 2870 aet
1036 2821 1065 2868 in

144 2890 270 2940 famulae
289 2890 314 2939 Α
339 2890 410 2939 enim
430 2890 495 2939 fam.
515 2889 540 2938 E
566 2905 605 2939 en
622 2890 745 2940 famulae
764 2891 797 2939 in
815 2888 906 2939 locum
923 2890 1024 2951 scripsi.
1049 2884 1060 2953 ll

143 2959 196 3009 359
213 2956 387 3020 Vulcumque
405 2961 446 3006 uel
462 2957 630 3020 Vultumque
649 2958 674 3005 Ε
685 2973 702 3021 p
713 2954 725 3023 ll
743 2958 778 3008 ab
796 2957 846 3007 illo
864 2974 886 3007 ω
897 2953 909 3023 ΙΙ
922 2960 1012 3005 status
1025 2958 1065 3007 εΑ

143 3029 224 3074 statu
246 3025 356 3074 111011
390 3020 402 3089 ΙΙ
435 3024 600 3089 Vultumque
629 3025 750 3075 anilem
777 3028 797 3074 1.
824 3025 843 3073 i.
873 3028 961 3073 slatus
987 3023 1064 3074 Gran.

143 3095 211 3143 conl,
230 3109 255 3143 u.
273 3094 333 3142 aet.
362 3091 535 3157 Multumque
561 3092 596 3141 ab
619 3092 674 3141 illa
694 3093 820 3157 carpsit
843 3093 861 3141 i.
882 3096 972 3141 status
990 3091 1065 3141 NHa

144 3158 329 3224 vulnusque
350 3164 394 3209 uel
420 3160 568 3224 Vlcusque
597 3160 632 3209 ab
657 3159 705 3210 illo
728 3166 748 3210 t.
773 3161 791 3211 1.
817 3164 907 3210 slatus
929 3159 1066 3209 LMueller

145 3226 319 3289 cultumque
346 3228 380 3277 ab
399 3226 453 3276 illa
476 3232 496 3277 1,
516 3229 534 3277 i.
554 3232 643 3277 status
666 3243 712 3291 epo
731 3236 808 3277 antea
825 3234 851 3277 et
871 3228 923 3277 GR.
954 3226 1065 3278 Vlcus-

146 3310 199 3359 que
219 3296 255 3345 ab
274 3294 322 3343 illo
340 3298 360 3344 1.
378 3298 397 3345 1.
416 3299 497 3345 statu
513 3297 615 3359 scripsi.
636 3291 649 3362 ll
672 3298 721 3347 362
739 3297 828 3360 ipsum
847 3295 959 3360 ερῖΕΕ
976 3296 1066 3359 ipsam

145 3364 171 3413 A
196 3359 207 3428 ΙΙ
232 3364 283 3414 365
301 3378 347 3412 om.
366 3365 414 3413 aad
429 3365 456 3412 in
473 3379 520 3428 mp.
541 3366 627 3417 adeor.
647 3380 677 3415 m.
701 3380 752 3415 sec.
771 3367 813 3413 uel
830 3366 915 3415 tertia.
934 3364 959 3411 Ε
982 3360 994 3429 Η
1016 3364 1066 3413 366

145 3431 250 3495 priami
269 3431 333 3480 εΒΑ
351 3432 457 3495 priamo
475 3435 517 3481 uel
533 3432 620 3496 primo
638 3429 687 3499 ψΙΙ
699 3432 814 3483 dardani
832 3428 942 3497 Ε1Ι661
960 3431 1066 3481 famula

145 3498 196 3562 Εψ
215 3498 319 3548 famulo
338 3500 363 3549 Α
387 3497 398 3564 ll
