2550 3917
222 183 287 248 446
611 197 755 245 inanem

224 340 360 418 laresque
377 339 517 399 miseros:
540 339 636 416 Argos
650 337 835 417 Eurystheus
849 345 940 399 tenet.

225 426 328 486 marita
344 422 462 486 Thebas
477 441 568 500 regna
585 432 614 483 et
628 422 768 483 Ismeuon
783 430 880 500 petam

224 507 428 587 thalamosque
445 514 562 567 nostres
578 507 606 566 in
624 506 732 584 quibus
748 509 896 586 quondam
913 508 1020 569 leuem

223 593 329 654 dilecta
344 592 423 653 uidi?
446 609 501 670 pro
517 593 604 651 nimis
621 590 690 652 ielix
709 593 796 653 nimis

224 680 249 739 si
265 677 468 738 fulminantem
485 676 591 754 etipsa
607 678 768 737 sensissem
784 676 894 736 leuem.

225 765 336 824 utinam
352 763 427 823 meis
443 759 607 822 uisceribus
622 759 740 821 Alcides
755 761 832 821 ieret

224 857 346 925 ereptus
360 846 468 908 iulans.
501 863 580 906 nunc
596 845 697 906 datum
714 854 760 905 est
774 847 900 906 miserae
916 846 1021 907 datum

224 931 326 992 uidere
344 940 444 992 natum
460 929 547 991 laude
562 938 727 990 certantem
744 930 821 990 leui:

223 1025 256 1078 ut
272 1024 300 1076 et
315 1015 373 1076 hcc
388 1015 509 1075 daretur
525 1016 617 1082 scire,
635 1015 707 1092 quid
724 1015 814 1074 iatum
830 1016 902 1074 milri

223 1101 340 1179 eripere
356 1109 464 1178 posset.
500 1101 567 1178 quis
582 1117 698 1158 memor
713 1101 795 1160 uiuet
809 1102 852 1159 tui

223 1193 324 1246 anate
341 1183 485 1262 pupulus?
508 1202 595 1243 omne
610 1187 669 1245 iam
686 1185 833 1260 ingratum
850 1191 895 1244 est
908 1201 1016 1260 genus,

223 1279 322 1349 petam
338 1266 482 1329 Cleonas?
504 1268 652 1329 Arcadum
668 1267 796 1346 populus
810 1276 908 1346 petam

223 1354 394 1430 meritisque
411 1360 505 1412 terras
520 1351 636 1413 nobiles
653 1370 793 1429 quaeram
809 1353 885 1414 tuis?

222 1438 271 1498 bic
287 1438 350 1497 dira
366 1454 490 1515 serpeus
506 1437 625 1508 cecidit,
642 1438 691 1498 bic
706 1436 768 1498 ales
783 1438 862 1506 iera,

223 1523 271 1582 bic
286 1541 339 1583 rer
355 1530 511 1591 cruentus
536 1520 584 1583 bic
602 1532 649 1582 tua
667 1522 780 1582 inactus
793 1540 883 1582 mann

224 1609 273 1684 qui
289 1613 317 1666 te
333 1605 448 1683 sepulto
464 1606 595 1684 possidet
611 1605 725 1666 caelum
741 1605 798 1666 lec.

144 1729 155 1752 .
223 1693 247 1751 si
261 1699 344 1767 grata
360 1699 441 1751 terra
457 1699 518 1760 est,
542 1689 672 1768 populus
686 1690 848 1751 Alcmenen
863 1699 946 1752 tuam

223 1775 361 1836 defendat
376 1777 482 1837 omnis.
515 1774 642 1835 thracias
656 1783 761 1852 gentes
776 1785 874 1853 petam

222 1859 375 1938 Hebrique
392 1858 536 1938 populos?
560 1859 633 1918 baec
650 1877 769 1938 quoque
785 1867 830 1919 est
844 1859 961 1920 meritis
977 1863 1040 1922 tuis

223 1945 345 2006 defensa
361 1942 462 2004 tellus:
488 1941 601 2004 stabula
619 1961 686 2003 eum
702 1961 796 2020 regne
811 1945 926 2013 iacent,

222 2030 270 2090 bic
285 2047 343 2108 pax
358 2036 483 2089 cruento
498 2047 569 2105 rege
585 2036 735 2105 prostrata
751 2028 818 2088 data
834 2039 894 2089 est:
1162 2039 1214 2087 aare

292 2232 357 2282 1805
374 2231 463 2296 Argos
481 2246 528 2284 om.
546 2231 573 2279 Ε
583 2227 595 2294 ΙΙ
612 2231 679 2282 1806
696 2231 801 2280 Merita
819 2231 922 2281 thebae
941 2239 1045 2299 regnat
1061 2234 1143 2284 isme-

222 2314 276 2350 0011
299 2305 392 2364 petam
409 2298 435 2348 E
459 2298 566 2348 Orbata
589 2298 701 2348 Thebas
722 2313 836 2362 regnum
861 2305 889 2350 et
906 2301 1071 2351 Hismenum
1095 2319 1143 2366 pe·

221 2374 278 2416 tam
301 2366 326 2416 A
357 2366 536 2429 (hismeniam
560 2366 582 2416 ll
611 2365 784 2416 hismeneum
806 2367 868 2416 1310
896 2368 1060 2432 hyemenum
1079 2369 1143 2434 Gy)

222 2435 258 2484 M.
278 2433 395 2484 Thebas
413 2450 500 2500 regna
519 2437 552 2482 et
570 2433 646 2484 NHs.
670 2433 786 2483 Thebes
805 2433 855 2484 Bo.
879 2430 892 2494 ΙΙ
916 2438 982 2488 1808
1004 2452 1055 2502 pro
1073 2437 1143 2486 felix

221 2535 302 2586 nimis
321 2534 416 2597 (altero
434 2535 517 2584 nimis
534 2533 595 2598 om.)
613 2535 639 2584 E
650 2531 662 2600 ΙΙ
680 2537 746 2586 1810
764 2496 860 2585 absides
884 2537 910 2585 Ε
935 2544 997 2602 post
1019 2537 1096 2587 feret
1118 2540 1143 2588 in

221 2621 268 2670 my,
287 2605 375 2654 adeor.
394 2603 404 2652 l
422 2619 453 2656 m.
470 2619 513 2667 pr.
531 2603 557 2652 Ε
568 2598 580 2669 ΙΙ
598 2603 663 2652 1811
683 2603 827 2668 Exceptus
844 2603 870 2652 Ε
881 2604 954 2670 Moy.
973 2607 1099 2655 Exectus
1117 2606 1143 2655 A

220 2675 340 2723 Esectus
358 2671 382 2722 R
399 2670 512 2720 Electus
532 2669 553 2720 G
572 2669 618 2734 (cf.
632 2671 714 2720 Herc.
733 2671 814 2720 1401
831 2672 855 2720 Ε
873 2674 971 2722 matris
990 2679 1070 2723 utero
1088 2673 1142 2722 ful·

221 2741 294 2790 mine
318 2740 450 2788 eiectus
473 2736 558 2804 puer)
588 2738 750 2802 Exemptus
775 2737 854 2788 Gran.
889 2742 988 2805 scripsi
1008 2741 1142 2804 Ereptus

221 2811 285 2860 conl.
307 2806 381 2858 Ouid.
399 2807 441 2856 M.
459 2806 512 2856 ΙΙΙ
530 2801 689 2873 3101111000
709 2806 736 2856 d.
755 2812 798 2856 est
816 2811 923 2871 tempus
942 2808 1037 2857 datum
1056 2816 1100 2858 eat
1116 2808 1143 2857 Ε

220 2885 294 2926 nune
311 2874 336 2927 d.
357 2878 399 2925 eet
411 2875 529 2924 miserae
549 2873 617 2923 mihi
635 2874 661 2922 A
673 2876 686 2938 11
699 2872 867 2924 1812-1815
886 2876 1108 2927 desideranturE
1127 2877 1141 2937 ΙΙ

221 2946 287 2995 1813
304 2944 341 2992 Ε1
353 2943 406 2993 hoe
418 2943 444 2994 A
463 2936 564 3007 Etlsoll
574 2942 636 2991 hro
657 2941 695 2988 Vt
706 2940 759 2991 hoe
772 2942 848 2995 Nlla.
868 2943 909 2992 Vt
921 2949 950 2994 et
961 2944 1014 2994 boc
1027 2944 1108 2994 Gron.
1128 2944 1141 3006 ΙΙ

221 3011 292 3078 quod
311 3012 337 3061 A
368 3011 443 3075 quid
462 3011 538 3060 NHs.
568 3005 580 3075 Η
609 3008 677 3058 mihi
695 3010 721 3059 A
750 3009 879 3072 nichilur
908 3007 921 3076 Η
951 3011 1017 3062 1815
1035 3019 1141 3073 namet

220 3082 280 3130 iam
299 3097 318 3130 α
341 3075 353 3146 ΙΙ
377 3081 443 3130 1816
461 3079 524 3129 Arc.
546 3092 582 3126 an
600 3093 664 3142 pop.
683 3078 709 3127 A
728 3092 764 3126 an
782 3078 875 3127 001Ε
898 3075 910 3144 ll
934 3072 1139 3129 181711011110-

221 3165 273 3215 que
292 3149 318 3200 A
341 3162 393 3212 que
412 3163 458 3197 cm.
477 3146 503 3196 Ε
525 3143 537 3212 ΙΙ
560 3151 650 3195 terras
673 3144 781 3194 nobiles
799 3145 825 3194 Ε
852 3149 956 3196 terram
974 3146 1097 3197 nobilem
1116 3147 1141 3196 A

221 3220 356 3268 Lernam
379 3214 502 3266 nobilem
525 3213 676 3278 quondam
699 3213 756 3262 tuis
778 3213 855 3266 DHs.
891 3214 1029 3264 Lernam
1052 3230 1080 3264 n.
1103 3231 1140 3262 ac

220 3285 377 3335 Thracen
406 3283 461 3333 tuis
491 3284 557 3332 ‘nisa'
574 3283 704 3333 eccidisse
721 3296 822 3330 aarum
843 3298 917 3331 unm
930 3290 1012 3347 <atque
1035 3285 1142 3332 alteram

221 3355 369 3415 opinamur’
395 3351 471 3400 NHs.
496 3345 508 3414 ΙΙ
532 3351 596 3401 1821
617 3348 743 3398 alcmene
762 3348 788 3397 Ε
809 3349 972 3400 Alcmenam
989 3352 1017 3400 A
1040 3347 1053 3415 ΙΙ
1075 3350 1142 3400 1824

222 3419 352 3466 Emensa
374 3415 457 3466 tellus
480 3417 557 3468 NHs.
586 3413 598 3483 ΙΙ
632 3417 698 3466 1825
725 3417 780 3465 Hie
803 3431 857 3480 pax
880 3418 1007 3467 cauendo
1030 3432 1141 3482 regere·

223 3487 311 3532 strato
329 3483 355 3531 Ε
374 3485 410 3532 Η.
430 3499 456 3546 p.
477 3489 590 3533 cruento
609 3498 675 3548 rege
693 3487 833 3549 prostrato
852 3486 877 3534 A
900 3480 913 3551 ΙΙ
