2550 3917
538 227 693 276 ocum

244 366 306 428 sola
321 368 352 428 in
367 384 463 428 uacuo
478 385 603 428 nemore
619 374 648 427 et
662 367 745 427 tenui

243 470 327 514 ramo
342 470 460 531 possem
478 450 603 530 querulo
617 451 754 529 pendeus

244 544 364 615 gutture
379 544 525 598 maestum
541 535 666 598 fundere
681 551 826 597 murmur.

97 719 137 771 οῦ
150 719 265 768 CHOR.
288 705 412 783 Regitur
427 706 495 766 satis
509 704 634 766 mortale
649 721 744 782 genus

243 808 299 850 nec
314 790 372 851 sibi
387 791 541 869 quisquam
556 789 706 868 spondere
721 798 820 869 puiaet

242 875 360 935 firmum
377 883 405 935 et
419 875 522 935 stabile
540 907 679 921 ·····
696 909 738 918 —

242 977 401 1038 proquam
418 977 504 1019 casus
520 957 728 1019 uoluit'uarios
781 940 790 963 ’

242 1061 359 1121 semper
374 1043 460 1104 nobis
475 1044 632 1104 metuenda
648 1044 721 1104 (lies.

242 1130 373 1190 animum
388 1130 507 1190 firment
522 1126 656 1206 exempla
672 1135 755 1188 tuum

241 1213 298 1273 iam
314 1212 405 1273 multu¹
421 1212 527 1274 domus
543 1231 618 1292 quae
633 1221 735 1272 nostra
750 1213 826 1273 iulii.

244 1297 313 1377 quid
329 1299 446 1358 saeuior
463 1304 506 1358 est
521 1297 639 1359 fortuna
655 1297 727 1360 tibi?

284 1466 329 1527 Tu
345 1466 417 1526 mihi
434 1467 562 1545 primum
578 1473 622 1526 tui
636 1474 773 1528 naturum

240 1550 431 1612 memoranda
447 1568 554 1629 pareus

240 1642 307 1695 nata
321 1637 468 1714 Agrippae
483 1653 577 1696 nurus
592 1636 716 1714 Augusti

242 1719 374 1781 Caesaris
390 1738 465 1780 uxor

241 1805 324 1864 euius
339 1823 449 1865 nomen
465 1804 578 1865 clarum
594 1812 656 1865 toto

240 1887 321 1951 fuisit
335 1889 365 1949 iu
383 1889 465 1950 orbe.

282 2057 370 2116 Vtero
386 2058 493 2118 totiens
509 2059 594 2132 enixu
610 2058 696 2134 graui

238 2141 362 2218 pignora
377 2143 467 2219 pacis,

238 2243 307 2285 mox
323 2224 441 2285 exilium
458 2225 583 2287 uerbera
598 2244 704 2288 saeuas

238 2327 323 2388 passa
340 2322 470 2371 catenas‘

238 2394 343 2454 funera
359 2393 455 2455 lucius
470 2394 589 2455 tandem
606 2394 696 2455 letum

239 2479 368 2539 cruciata
384 2479 445 2539 diu.

151 2657 357 2666 -----—..

220 2766 271 2814 944
289 2764 348 2815 sola
366 2765 396 2815 in
413 2780 503 2814 uacuo
521 2764 547 2813 A
577 2763 638 2814 sola
656 2779 747 2815 uacuo
764 2765 794 2814 in
816 2767 842 2815 V
868 2766 929 2817 sola
947 2784 963 2818 τ
980 2784 1070 2819 uacuo

149 2835 214 2884 313
243 2828 255 2899 [Ι
284 2834 334 2884 945
357 2832 480 2898 pendens
499 2832 614 2895 querulo
652 2847 742 2882 oseem
761 2834 785 2882 A
815 2849 924 2898 possem
943 2851 967 2899 q.
987 2837 1070 2900 pend.

149 2901 215 2953 313
232 2896 309 2966 [1947
329 2899 409 2951 chor.
427 2917 458 2950 m.
477 2903 493 2949 2
512 2901 573 2952 add.
594 2847 706 2966 uisum
729 2901 874 2965 quisquam
893 2902 1032 2953 312130
1046 2905 1074 2952 V
1087 2945 1093 2958 .

150 2967 299 3033 quidquam
315 2965 371 3048 Aji
386 2969 435 3019 949
453 2975 629 3018 monometrum
649 2969 810 3018 intercidisse
827 2973 900 3033 putu.
922 2965 933 3035 Η
954 2971 1004 3021 950
1020 2987 1071 3036 per

150 3051 232 3102 quum
256 3037 281 3087 Α
311 3053 373 3102 pq3
392 3037 491 3099 R13p
515 3051 596 3086 casus
619 3049 672 3098 que
694 3037 756 3086 312
786 3052 835 3101 per
859 3035 988 3101 quemio
1014 3054 1069 3102 pro

150 3103 184 3167 (i.
208 3119 232 3154 e.
254 3105 345 3168 proh)
370 3119 452 3168 quam
479 3119 560 3168 pasus
582 3119 607 3154 u.
634 3104 727 3153 uarios
762 3108 827 3155 conl.
859 3106 937 3169 Verp.
957 3107 1023 3156 Aen.
1042 3105 1069 3156 1.

149 3169 260 3236 12)'uel
281 3187 414 3238 perquam
433 3188 513 3222 casus
530 3188 557 3224 u.
574 3187 599 3220 u.
620 3171 720 3222 0533.
744 3168 748 3237 Ι
779 3188 830 3222 nec
848 3173 904 3222 sibi
922 3175 1069 3237 quisquam

149 3255 172 3290 s.
190 3257 217 3306 p.
236 3239 350 3292 firmam
370 3245 397 3290 et
415 3240 544 3290 stabilem
562 3239 705 3300 Paruum,
724 3254 807 3290 casus
823 3240 916 3292 ci.Bo.
942 3237 954 3306 ΙΙ
976 3241 1067 3295 uolui-

148 3308 316 3359 tarnim
334 3308 493 3359 euoluitA
517 3304 528 3373 ΙΙ
551 3310 601 3358 953
619 3308 671 3356 nia
688 3307 753 3356 313
772 3312 867 3358 nostra
887 3309 909 3358 6
931 3309 992 3359 311
1018 3323 1067 3359 ue·

149 3381 207 3426 stra
220 3379 245 3425 Α
266 3373 278 3441 ΙΙ
301 3380 352 3428 955
369 3377 534 3442 principium
556 3377 582 3426 V
591 3373 602 3441 li
614 3378 665 3426 956
683 3375 810 3427 mebridu
832 3377 858 3425 V
872 3379 899 3426 in
922 3392 975 3426 rau.
992 3372 1066 3440 11957

149 3441 229 3508 augti
247 3444 314 3495 313
334 3446 347 3509 Η
367 3447 416 3494 959
434 3448 465 3494 tu
485 3447 562 3493 euius
585 3445 613 3494 V
623 3440 636 3510 ss
653 3445 704 3495 965
721 3442 853 3494 uulnera
873 3447 906 3498 ci.
930 3445 948 3495 Ι
957 3445 1036 3496 Gran.
1051 3444 1066 3508 ΙΙ

149 3512 243 3564 uictus
260 3527 359 3577 sprscr.
383 3511 476 3562 luctus
498 3512 518 3561 C
539 3508 551 3577 ss

798 3593 863 3659 32*
