2550 3917
399 222 581 273 usacvcus
598 210 789 295 [occasus]
988 212 1049 278 397

128 373 253 421 ustam.
270 370 302 423 ut
317 362 405 422 missa
420 360 499 440 palla
516 370 561 424 est
574 362 642 425 tabe
659 381 761 426 uessea
778 364 860 429 inlita

129 446 329 525 thalamisque
343 464 485 507 maerens·
497 447 583 507 intuli
598 466 733 527 gressum
749 452 838 511 meis:

129 533 233 594 nescio
249 532 320 611 quid
337 533 451 592 animus
467 524 572 592 timuit.
605 551 646 593 ou
662 533 796 595 fraudem
813 536 917 597 struit?

130 618 204 678 libet
220 617 359 695 experiri.
389 616 501 677 solibus
517 619 600 678 uicus
616 619 712 679 iesum

128 702 319 780 flammisque
334 702 444 763 Nessus
459 703 632 781 sauguinem
649 705 763 764 ostendi
779 708 883 767 arcuit.

129 789 182 848 hic
195 789 260 866 ipse
276 786 397 847 fraudes
412 804 477 848 esse
491 790 680 867 praemonuit
697 788 790 851 dolus.

130 881 163 933 et
178 873 254 932 torte
270 870 348 931 nulla
364 870 443 931 nube
459 889 616 950 respersus
631 872 718 933 iubar

130 956 251 1018 laxabat
265 956 374 1015 audeus
387 956 534 1017 feruidum
551 958 636 1017 Titan
654 958 741 1019 diem.

130 1042 246 1103 medios
262 1042 290 1101 in
306 1042 390 1117 ignes
405 1039 476 1101 solis
490 1051 520 1103 et
534 1041 645 1103 claram
661 1043 754 1105 facem

131 1144 194 1207 quo
209 1128 300 1185 tincta
316 1126 412 1187 suerat
427 1126 503 1204 palla
519 1130 671 1205 uestisque
686 1127 765 1190 inlita

133 1212 269 1272 abiectus
285 1211 388 1271 horret
403 1212 523 1290 sanguis
539 1222 568 1272 ot
582 1212 694 1273 Phoebi
711 1231 794 1274 coma

132 1296 298 1374 tepefactus
313 1300 393 1357 arsit.
424 1298 473 1356 uix
489 1315 565 1373 queo
581 1307 747 1357 monstrum
764 1298 877 1379 eloqui,

130 1382 184 1441 uix
200 1397 252 1439 ora
267 1378 341 1441 solui
356 1382 466 1457 patitur
483 1383 642 1441 etiamnum
659 1384 757 1443 timor.

130 1466 219 1525 niues
237 1473 270 1524 ut
285 1482 375 1526 eurus
390 1464 480 1525 soluit
494 1472 545 1526 aut
559 1466 677 1543 tepidus
694 1475 779 1529 notus

130 1567 207 1627 muas
222 1568 293 1610 uene
309 1550 404 1627 primo
419 1550 553 1611 lubricus
568 1551 666 1629 perdit
682 1552 805 1613 Mimans

130 1642 223 1712 utque
240 1634 374 1695 euolutos
389 1636 498 1712 frangit
512 1637 591 1696 ionio
607 1635 669 1695 salo

129 1719 267 1798 opposita
283 1719 390 1780 fluctus
406 1720 518 1781 Leucas
534 1730 564 1781 et
578 1718 672 1781 lassus
688 1730 786 1781 tumor

130 1806 162 1864 in
180 1803 266 1863 litore
282 1807 347 1882 ipso
363 1813 480 1883 spumat
496 1814 547 1865 aut
562 1804 739 1867 caelestibus

130 1906 252 1967 aspersa
269 1889 371 1966 tepido
387 1900 451 1950 tura
467 1889 602 1951 laxantur
619 1891 705 1951 iocis:

129 1975 175 2034 sic
190 1973 312 2051 languet
326 1992 413 2034 omne
429 1971 524 2035 uellus
540 1983 569 2035 et
583 1974 682 2055 perdit
697 1993 797 2037 comas

129 2057 263 2136 dumque
279 2060 334 2119 ista
349 2064 454 2127 miror,
479 2077 566 2120 causa
583 2059 711 2120 mirandi
726 2063 810 2139 perit.

201 2295 249 2343 721
273 2310 382 2345 merens
404 2296 429 2344 E
459 2296 570 2347 demens
593 2297 618 2346 A
651 2305 787 2361 asnensup
817 2295 828 2363 Η
857 2299 906 2348 722
930 2303 957 2348 et
977 2298 1010 2351 ir.
1029 2316 1050 2349 oa

130 2377 171 2411 an
189 2364 292 2426 scripsi.
304 2359 315 2428 Η
332 2363 413 2413 struit
430 2363 480 2426 Ep
499 2367 605 2414 astruit
624 2382 642 2415 α
660 2366 734 2415 strui
752 2366 830 2416 Gron.
843 2363 855 2430 Η
872 2367 922 2416 724
940 2367 1050 2417 ostendi

129 2430 157 2479 E
166 2430 190 2479 B
200 2428 281 2481 ortet.
293 2431 365 2495 Mop.
384 2430 488 2482 offendi
499 2432 523 2480 A
536 2428 548 2498 Η
561 2434 653 2498 arguit
666 2432 716 2482 EA
736 2433 826 2483 arcuit
839 2432 919 2485 Ortel.
938 2434 1050 2485 ‘uetuit’

129 2500 283 2559 interpretis
298 2500 408 2561 palatini
428 2500 550 2550 scholion.
574 2496 586 2565 Η
609 2502 660 2551 725
683 2500 761 2551 dolus
783 2500 809 2549 Ε
831 2500 899 2549 deus
917 2502 943 2551 A
966 2498 977 2567 Η
1001 2504 1050 2553 726

129 2566 169 2614 Et
187 2581 209 2615 ω
227 2565 268 2614 vt
284 2567 360 2617 DHs.
380 2562 392 2631 Η
409 2582 564 2631 respersum
582 2567 608 2616 Ε
625 2582 767 2635 respersus
785 2568 809 2616 A
828 2564 839 2633 Η
857 2570 906 2619 728
921 2576 982 2633 post
1000 2572 1049 2621 732

131 2634 225 2683 traieci
235 2628 247 2698 Η
265 2636 314 2684 729
333 2639 361 2683 et
379 2634 485 2684 claram
503 2638 529 2686 A
548 2636 668 2686 eicerem
686 2634 711 2685 E
731 2640 759 2686 st
776 2634 930 2685 aetheriam
948 2638 1024 2690 NHs.
1043 2635 1051 2702 Η

130 2702 181 2751 731
204 2701 340 2751 Abiectus
363 2701 390 2754 h.
412 2704 526 2767 sanguis
549 2703 600 2752 EA
630 2704 776 2753 Abiectum
799 2702 825 2753 h.
844 2704 920 2753 uirus
944 2704 1050 2769 RMop.

130 2768 216 2817 Busil.
234 2785 282 2833 mp.
295 2770 361 2821 Pati.
382 2772 482 2835 quidum
501 2772 654 2833 (abiectum
671 2775 712 2821 uel
731 2770 852 2831 abiecte)
874 2773 974 2836 quidam
991 2790 1013 2826 v.
1034 2776 1050 2824 ἱ.

129 2836 217 2886 Εεὶνίἰ
231 2832 243 2901 Η
261 2852 368 2887 comum
385 2837 436 2902 Ep
455 2854 533 2889 come
552 2842 577 2889 A
594 2835 606 2904 Η
624 2842 673 2890 732
691 2839 878 2903 Tepefaotum
897 2839 967 2903 Moy.
987 2842 1052 2891 idem

129 2906 199 2954 Pau.
228 2901 239 2970 Η
269 2906 351 2955 astris
373 2905 399 2954 Ε
413 2922 431 2970 p
450 2906 533 2958 IPau.
569 2907 648 2957 ardet
674 2907 699 2956 A
736 2907 818 2955 arsit
843 2908 938 2970 scripsi
965 2903 976 2973 Η
1005 2910 1052 2957 uix

131 2987 240 3037 quoque
267 2977 418 3024 monstrum
442 2974 536 3025 elocor
562 2974 588 3023 Ε
619 2990 731 3040 quoque
761 2978 803 3024 est
830 2990 865 3023 m.
895 2974 921 3023 Ε
937 2982 956 3026 t.
974 2976 1050 3026 NHs.

128 3043 180 3089 uix
198 3054 268 3104 queo
286 3056 322 3091 m.
339 3041 432 3106 oloqui
448 3043 474 3091 A
497 3039 509 3107 Η
533 3045 713 3094 tuentes.
733 3043 824 3093 autA
849 3047 877 3092 et
896 3056 919 3094 e.
939 3058 961 3091 s.
980 3048 1008 3093 et
1026 3044 1051 3093 Ε

130 3114 160 3158 et
179 3123 203 3159 e.
221 3122 243 3159 s.
263 3111 312 3157 sut
330 3105 401 3174 (?)p
429 3110 459 3159 ut
478 3126 502 3162 e.
522 3126 543 3161 s.
562 3110 637 3159 acR
667 3115 698 3160 nt
714 3111 747 3161 E.
768 3125 789 3160 s.
808 3113 843 3159 ut
862 3109 931 3160 Bad.
961 3107 972 3175 Η
1002 3113 1051 3162 734

128 3175 241 3226 lucidus
258 3175 284 3225 Ε
302 3176 424 3226 lubricus
442 3179 468 3229 A
484 3174 496 3244 Η
511 3182 601 3228 minus
619 3177 645 3225 Ε
658 3178 680 3227 R
686 3181 718 3227 10
739 3178 833 3227 minax
851 3177 874 3226 R
897 3178 982 3227 minas
1002 3180 1023 3229 G
1033 3196 1051 3245 p

129 3244 231 3294 Mimas
250 3244 275 3293 A
307 3238 434 3295 Mimans
456 3247 551 3310 scripsi
573 3244 585 3311 Η
609 3248 658 3297 735
682 3244 807 3297 euolutus
826 3246 851 3295 Ε
881 3246 1006 3297 cuolntos
1024 3249 1049 3298 A

131 3311 274 3361 inuolutos
293 3312 460 3377 Scatiperano
475 3310 487 3379 Η
508 3316 557 3365 736
575 3314 665 3364 lessus
684 3312 734 3377 Εψ
753 3312 846 3377 lapsus
866 3315 890 3362 A
912 3310 923 3374 Η
944 3315 993 3365 738
1011 3320 1050 3366 ts·

131 3378 196 3444 pido
214 3378 239 3427 Ε
258 3380 361 3444 tepidis
382 3382 405 3430 A
423 3382 523 3446 tepida
541 3384 636 3446 seipsi
651 3378 663 3447 Η
680 3383 728 3432 739
746 3380 837 3431 uellus
855 3380 880 3429 Ε
903 3382 979 3433 uirus
998 3384 1022 3432 A
1041 3381 1049 3450 Η

132 3460 226 3498 comus
244 3446 311 3498 ΕΕΕ
328 3464 434 3500 comem
452 3450 477 3499 A
489 3446 501 3516 Η
514 3453 563 3502 740
579 3457 640 3515 post
658 3466 682 3499 u.
704 3451 752 3500 742
770 3455 870 3513 trunsp.
890 3448 940 3503 Bo.
964 3448 976 3517 Η
1000 3455 1050 3505 749

130 3516 194 3583 ipsa
212 3514 265 3567 EA
283 3517 351 3567 ista
370 3517 447 3567 NHs.
470 3514 482 3584 Η

1069 378 1118 429 720
