2550 3917
183 192 264 240 x1111
476 178 484 184 '
560 190 760 237 rnnnrnrro

183 352 306 406 erarauit
335 350 474 406 Octauiam
504 356 642 422 receptam
671 357 700 403 et
728 348 855 405 consulto
886 350 957 404 inter
978 353 1070 422 Agant.
1102 361 1129 406 et

181 436 258 490 llere.
275 450 300 489 11
321 434 512 506 interpositam
529 450 589 489 esse
605 432 656 488 tibi
671 434 860 505 persuaseris?
890 434 947 490 lloc
968 436 1059 507 ipsum
1081 453 1128 492 au·

182 527 236 574 tem
253 518 443 591 reputantibus
459 517 517 573 lieri
541 519 585 575 uix
605 525 698 591 potest
713 518 779 591 quin
794 519 916 591 suspicio
939 518 1035 574 animis
1057 521 1128 576 cria·

181 611 226 658 tur
247 602 280 657 ab
302 603 397 660 eodem
419 604 528 659 homine
552 610 580 657 et
602 602 740 658 Octauiam
762 604 933 676 conpositam
955 618 1016 659 esse
1036 611 1064 658 et
1085 620 1128 659 re·

181 688 334 744 censionem
354 691 376 743 Α
398 688 540 760 scriptam,
563 687 694 761 quidum
716 704 787 760 opus
808 704 887 743 suum
909 688 962 742 uiri
983 687 1128 743 clarissimi

180 774 343 827 anctoritate
360 772 430 827 tueri
447 772 554 833 studet.
577 771 724 827 intensius
740 788 822 845 opera
844 771 888 826 uel
905 788 974 844 qnae
990 773 1050 827 eius
1065 788 1127 828 esse

180 857 304 913 crederet
321 872 400 912 suum
421 852 629 930 interposuit*).
665 856 739 925 Quae
753 864 842 912 umen
858 857 951 929 opinio
967 856 1051 911 certis
1066 857 1127 929 qui·

178 940 290 997 busdam
306 943 475 1014 argumentis
491 940 603 1014 probari
618 942 664 997 uir
678 946 806 1013 umquam
822 942 935 1013 poterit.

243 1024 413 1099 Quicumque
445 1026 524 1081 bodie
557 1032 650 1081 extant
672 1024 791 1081 Senecae
823 1024 1026 1097 tragoediarum
1053 1024 1124 1087 libri,

182 1112 312 1185 quoniam
329 1127 377 1165 eos
393 1110 509 1165 diximus
526 1110 558 1166 ad
573 1109 689 1166 duorum
705 1108 878 1165 librariorum
899 1125 1010 1182 operam
1025 1109 1125 1171 redire,

80 1246 84 1255 ,
180 1195 226 1268 qui
249 1196 360 1251 diuerso
377 1202 500 1267 tempore
522 1210 554 1249 ex
570 1194 638 1267 ipsis
654 1202 754 1267 poetae
769 1194 872 1249 chartis
892 1211 940 1249 sna
963 1193 1127 1267 exemplaria

179 1280 416 1352 transcripserint,
445 1280 498 1335 iam
520 1278 706 1352 quaerendum
726 1273 836 1333 uidetur
856 1294 931 1339 esse,
953 1280 1008 1333 otri
1029 1288 1125 1335 eorutn

178 1364 265 1420 maior
284 1362 350 1419 fides
366 1363 502 1425 habenda,
527 1365 545 1418 i.
568 1380 591 1420 e.
613 1371 676 1419 utra
696 1364 821 1419 recensio
842 1364 871 1418 in
891 1363 1066 1418 emendandis
1081 1364 1124 1419 bis

179 1448 326 1520 tragoediis
348 1464 413 1521 prae
439 1449 523 1505 altera
547 1448 686 1521 sequenda
707 1449 751 1503 sit.
794 1444 852 1513 Qua
875 1448 902 1501 in
918 1464 949 1503 re
970 1448 1125 1520 primariam

178 1550 239 1589 esse
260 1535 429 1589 recensionis
451 1534 481 1589 Ε
505 1532 565 1589 siue
592 1533 666 1606 quod
690 1532 762 1587 idem
788 1538 832 1587 est
856 1531 958 1588 codicis
985 1532 1125 1587 florentini

178 1619 368 1674 auctoritatem
383 1617 450 1674 satis
465 1625 549 1691 patet.
580 1616 645 1673 Nam
662 1617 778 1689 primurn
793 1616 915 1689 uolgaris
930 1618 1055 1673 recensio
1071 1618 1124 1671 etsi

177 1701 366 1776 antiquissimo
391 1710 514 1776 tempore
537 1699 677 1756 elaborata
697 1708 753 1761 est,
780 1709 870 1756 tamen
893 1703 939 1774 qui
964 1701 1044 1758 hodie
1065 1717 1124 1755 eam

177 1793 385 1860 repraesentant
399 1786 508 1842 codices
522 1792 598 1840 tanto
613 1785 746 1857 temporis
762 1782 908 1841 interuallo
924 1786 957 1840 ab
974 1786 1018 1841 illa
1034 1793 1124 1840 aetate

178 1870 293 1927 seiuncti
309 1866 438 1941 suut**)‚
455 1877 485 1924 ut
501 1886 556 1925 non
572 1854 695 1941 potberit
710 1869 769 1926 lieri
785 1870 850 1943 quin
866 1887 880 1925 a
897 1870 1011 1943 pristina
1025 1868 1124 1941 uolga-

243 2066 268 2132 *)
290 2068 422 2117 Eiusdem
445 2072 476 2116 ut
492 2066 604 2117 uidetur
625 2069 727 2119 aetatis
743 2068 867 2117 homines
883 2083 938 2117 non
954 2069 1124 2118 uerebantur

175 2137 258 2186 Pauli
270 2136 390 2197 apostoli
403 2150 463 2183 cum
476 2134 583 2186 Seneca
597 2138 790 2186 commercium
803 2136 915 2201 fingere.
948 2160 950 2163 ⁴

245 2202 289 2266 **)
307 2204 373 2252 Non*
384 2202 501 2266 contigit
513 2204 594 2252 nobis
608 2204 712 2253 codicis
728 2204 851 2268 uolgaris
870 2201 954 2250 ullius
971 2204 1120 2267 uestigium

175 2272 301 2321 inuenire
318 2272 479 2319 uetustioris
496 2271 609 2321 saeculo
627 2287 687 2323 xiv.
715 2272 784 2320 Nem
796 2273 909 2333 praeter
922 2284 969 2318 eos
982 2272 1028 2332 qui
1045 2271 1119 2318 infra

176 2338 311 2402 descripti
323 2354 340 2385 a
352 2337 431 2387 nobis
444 2342 471 2387 et
486 2340 640 2389 enumerati
652 2344 729 2400 sunt,
748 2338 781 2387 de
794 2352 849 2386 non
861 2336 958 2399 paucis
972 2336 1035 2384 aliis
1048 2352 1117 2400 quos

176 2406 211 2456 ad
223 2420 330 2455 recens.
343 2410 417 2469 trag.
430 2405 560 2455 adhibere
573 2421 628 2456 non
641 2406 747 2455 licebat
757 2405 798 2452 ita
810 2408 902 2451 tamen
915 2417 1007 2449 snmus
1020 2403 1120 2464 edocti,

173 2478 205 2523 nt
222 2488 269 2523 eos
288 2488 381 2523 omnes
404 2475 431 2522 et
450 2473 573 2539 uolgaris
595 2472 769 2523 recensionis
792 2469 938 2518 etaetatis
956 2470 1121 2518 recentioris

174 2556 235 2591 esse
248 2541 376 2589 sciemus,
404 2541 452 2591 Sic
469 2557 512 2591 x11
525 2538 765 2605 Neapolitani,
784 2552 802 2585 x
815 2535 984 2585 ambrosiani
995 2535 1122 2585 Medio·

173 2610 349 2669 Inmensae,
373 2607 516 2657 duodecim
534 2602 703 2657 laurentiani
719 2604 928 2662 Florentini‚
954 2619 1068 2668 quornm
1084 2606 1120 2654 H.

172 2678 257 2726 Peter
275 2675 488 2739 descriptionem
505 2676 650 2725 nobiscum
668 2670 891 2729 communicauit,
909 2672 962 2720 duo
981 2671 1050 2723 bibl.
1064 2688 1121 2721 mo-

174 2748 244 2793 nast.
263 2744 292 2791 iu
308 2742 421 2792 Monte
439 2743 565 2792 Casino
588 2738 649 2801 (No.
663 2741 713 2789 394
725 2737 822 2793 memb,
837 2752 858 2787 s.
870 2754 939 2787 x1111
953 2739 1065 2787 mutilus
1078 2755 1120 2789 re·

173 2812 293 2875 scriptus
305 2826 376 2860 max.
388 2814 495 2875 partem
507 2810 556 2857 No.
568 2809 617 2857 392
630 2807 729 2857 memb.
740 2821 761 2854 s.
772 2806 853 2868 11111)
866 2821 980 2871 quorum
992 2808 1121 2856 notitiam

173 2878 269 2929 Ottoni
279 2878 421 2927 Benndorf
431 2878 575 2935 debemus,
588 2873 894 2923 Lobkowitzianns
906 2873 973 2923 bibl.
981 2874 1119 2923 Raudnitz

174 2947 209 2995 ad
220 2946 311 2995 Albim
328 2946 357 2994 in
373 2944 508 2994 Bohemia
526 2942 634 3005 (memb.
654 2957 679 2992 n.
695 2940 771 3003 1440)
790 2942 866 2989 cuius
884 2956 939 2989 non
955 2940 1032 2990 nulla
1050 2942 1121 3000 folia

171 3014 203 3065 F.
226 3014 315 3076 Pauly
338 3012 464 3061 contulit.
499 3007 616 3058 Accedit
636 3008 934 3057 Vratislaniensis
958 3008 1031 3057 alter
1052 3009 1119 3061 bibl.

171 3097 229 3146 reg.
246 3083 321 3130 univ.
335 3078 375 3129 IV
393 3080 425 3139 Q.
438 3080 472 3126 42
490 3076 579 3125 chart.
597 3092 621 3125 a.
643 3077 708 3125 1502
726 3077 807 3126 Here.
826 3081 854 3125 et
870 3075 940 3139 Thy.
958 3075 1118 3139 continens)

171 3149 386 3198 Dresdenses
409 3147 461 3195 duo
487 3144 524 3205 (P
548 3145 595 3194 151
618 3145 731 3193 membr.
751 3145 816 3193 1402
838 3144 997 3208 rescriptas.
1025 3145 1051 3192 D
1071 3145 1119 3193 152

172 3217 258 3266 chart.
273 3230 294 3265 s.
308 3214 357 3275 xv)
375 3213 549 3263 Gudianus
568 3212 821 3279 guelpberbytanns
833 3212 884 3262 lat.
896 3214 930 3261 34
943 3227 964 3264 s.
978 3226 1048 3259 11111
1061 3226 1119 3260 mu-

171 3283 284 3333 tilusin.
297 3281 378 3331 etfin.
393 3305 424 3313 -
437 3280 641 3330 Vincentius
654 3279 925 3329 Bellonncensis
938 3278 1025 3342 quiin
1037 3274 1118 3327 xx11⁰

171 3351 242 3401 libro
256 3349 364 3413 speculi
376 3348 512 3398 naturalis
531 3348 667 3402 <confecti
680 3363 751 3398 anno
766 3348 842 3411 1250)
862 3346 1009 3397 nonnullos
1021 3360 1119 3394 uersus

174 3434 188 3468 e
203 3416 328 3466 Senecae
341 3416 493 3480 tragoediis
507 3416 589 3466 affert
602 3430 655 3480 quo
672 3430 737 3467 usus
751 3420 795 3466 est
807 3413 1014 3479 tragoediarum
1027 3428 1119 3462 exem·

171 3484 233 3549 plar
245 3482 334 3531 utrius
347 3482 432 3533 fuerit
444 3486 616 3536 recensionis
628 3500 683 3535 non
695 3484 792 3547 liquet.
