2550 3917
180 156 241 221 108
451 170 483 219 a.
507 170 640 219 turtur
664 170 821 220 Sulluctu

180 328 238 371 uno
254 311 321 372 auia
336 317 423 387 partu
439 309 550 371 liberos
566 312 682 388 peperit
698 312 762 370 uiro

179 413 214 456 ac
229 394 285 455 sibi
300 402 434 473 nepotes.
460 400 592 457 monstra
608 396 674 471 quis
690 402 770 455 tanta
786 392 929 471 explicat?

180 497 235 557 ego
251 481 315 557 ipse
329 481 425 541 uictae
440 478 532 558 spolia
548 480 599 557 qui
615 479 753 558 Sphingis
769 478 833 547 tull,

161 563 310 658 'haerebo
326 565 377 626 lati
392 564 494 625 tardus
507 566 657 641 interpres
671 566 739 625 mei.

147 1069 165 1119 b
223 1069 328 1147 (recep.
345 1070 421 1141 Quid
436 1070 536 1147 perdis
551 1069 627 1131 ultra
642 1070 754 1131 uerba?
771 1071 840 1149 quid
857 1079 961 1149 pectus
976 1069 1073 1131 ferum
1113 1078 1169 1128 140
1266 1140 1267 1145 γ

177 1153 293 1215 mollire
307 1162 403 1216 tentas
419 1154 577 1233 precibus?
597 1155 654 1215 boc
670 1157 767 1217 animo
783 1155 867 1217 sedet

178 1238 329 1300 effundere
344 1240 422 1299 lianc
438 1258 505 1299 cum
521 1247 618 1300 morte
633 1238 794 1301 luctantem
809 1240 860 1300 diu

177 1325 305 1383 animam
322 1331 351 1384 et
368 1323 507 1385 tenebras
523 1331 638 1400 petere,
663 1342 731 1385 nam
747 1324 852 1385 sceleri
867 1324 940 1385 haec
956 1340 1022 1385 meo

178 1425 283 1484 parum
300 1407 358 1468 alta
374 1426 431 1469 uox
448 1416 501 1478 est,
517 1409 643 1469 Tartaro
660 1409 746 1469 condi
762 1412 846 1470 iuuat

178 1497 207 1552 et
222 1493 247 1553 si
262 1493 331 1571 quid
348 1492 425 1554 ultra
441 1492 598 1554 Tartarum
615 1501 668 1554 est.
696 1493 815 1554 tandem
831 1492 904 1555 libet

177 1576 256 1653 quod
273 1574 342 1637 olim
358 1584 485 1655 oportet.
512 1585 608 1639 morte
618 1576 778 1655 ‘prohiberi
792 1578 870 1638 haud
886 1594 973 1655 queo.

138 1651 163 1710 b'
222 1660 347 1722 Ferrum
364 1661 504 1740 negabis?
521 1664 625 1723 noxias
640 1660 722 1740 lapso
738 1664 801 1723 uias
904 1707 906 1711 .

177 1744 279 1807 eludes
294 1752 323 1806 et
338 1748 411 1807 artis
427 1746 500 1806 colla
515 1747 627 1826 laqueis
643 1748 735 1809 inseri

176 1829 366 1907 prohibebis?
388 1830 497 1891 herbas
513 1850 587 1910 quae
603 1830 702 1891 lerunt
717 1830 810 1893 letum
826 1830 961 1894 auleresl

177 1914 247 1993 quid
263 1915 318 1975 ista
335 1915 451 1976 taudem
467 1933 540 1977 cura
554 1916 690 1995 proficiet
706 1917 773 1977 tua?

177 1997 287 2077 ubique
302 2017 384 2060 mors
400 2008 452 2060 est.
481 2008 602 2079 optume
615 1999 673 2060 hoc
690 2002 768 2061 cauit
784 2000 865 2060 deus.

177 2084 296 2160 eripere
312 2084 402 2145 uitam
418 2102 506 2144 nemo
522 2103 581 2145 uon
597 2085 712 2145 bomini
726 2092 833 2163 potest,

176 2174 206 2227 at
221 2170 308 2227 nemo
323 2174 464 2247 mortem:
482 2168 560 2229 mille
576 2168 612 2228 ad
626 2168 704 2228 hanc
720 2170 815 2229 aditus
830 2175 939 2247 patent.

125 2247 164 2307 b''
219 2250 266 2311 Nil
280 2269 406 2331 quaeror
423 2252 527 2313 dextra
542 2259 643 2313 noster
660 2260 690 2313 et
704 2252 784 2313 nuda
797 2250 872 2313 solet

176 2335 253 2396 bene
269 2337 384 2397 animus
403 2338 453 2396 uti.
481 2337 584 2397 dextra
599 2353 680 2397 nunc
695 2343 757 2397 toto
772 2338 885 2415 impetu

176 2426 238 2480 toto
254 2420 357 2481 dolore
372 2420 485 2481 uiribus
500 2422 570 2481 totis
585 2422 663 2481 ueni.

176 2522 236 2565 non
253 2505 368 2566 destino
383 2523 476 2566 uuum
491 2504 608 2565 uulneri
623 2514 725 2566 nostro
741 2504 855 2566 locum:

176 2597 255 2649 totus
270 2607 382 2650 nocens
396 2608 476 2650 sum:
493 2607 551 2667 qua
567 2589 649 2651 uoles
664 2598 791 2650 mortem
808 2591 901 2668 exige.

176 2665 300 2751 effringe
310 2682 419 2752 peetus
434 2691 544 2752 corque
559 2680 602 2733 tot
616 2673 763 2735 scelerum
779 2692 871 2752 capax

176 2756 283 2827 euelle,
301 2765 377 2819 totos
393 2759 541 2819 uiscerum
557 2758 636 2819 nuda
652 2760 742 2819 sinus,

134 2842 167 2900 o''
222 2842 360 2904 Fructum
376 2844 502 2903 incitatis
518 2842 624 2903 ictibus
640 2850 741 2921 guttur
757 2850 842 2903 sonet

175 2926 351 3005 laceraeque
366 2926 432 2987 lixis
446 2927 595 3004 unguibus
611 2945 706 2988 uenae
722 2927 823 2989 lluant.

244 3112 292 3163 lar
312 3126 346 3161 ac
358 3112 414 3162 sibi
426 3113 451 3162 A
471 3117 501 3163 at
513 3121 573 3177 sur
591 3112 647 3163 eibi
665 3115 694 3163 et
706 3113 732 3163 E
755 3110 767 3179 ll
791 3115 915 3180 explicet
926 3112 951 3162 Α
972 3110 1096 3177 explicat

173 3180 200 3229 E
211 3176 223 3247 Η
236 3180 284 3230 139
296 3179 473 3245 haereboque
485 3180 511 3231 E
524 3196 575 3245 que
587 3196 635 3233 om.
650 3181 683 3230 A.
704 3182 849 3245 Antiponae
861 3182 1002 3233 orationem
1014 3182 1092 3230 inter·
1120 3229 1123 3232 Α

175 3249 267 3299 cidisse
279 3247 344 3297 uidit
353 3246 495 3306 Sweboda,·
507 3251 621 3299 lacunam
631 3251 713 3299 statui
728 3250 754 3299 V
763 3265 880 3301 uersuum
890 3245 901 3315 ll
915 3248 962 3299 147
974 3247 1055 3311 lapsu
1068 3247 1094 3297 Ε

174 3316 253 3381 lapso
266 3316 292 3365 A
311 3330 389 3366 saxa
407 3316 531 3382 lapsuro
548 3316 636 3365 inuia
654 3320 685 3367 ci.
700 3317 774 3367 NHs.
797 3319 809 3383 ll
831 3318 879 3369 166
897 3317 1009 3367 conieci:
1026 3315 1094 3365 totis

174 3398 231 3431 rue
255 3380 267 3450 ll
290 3385 339 3433 167
358 3383 473 3435 destina
491 3386 522 3437 ci.
537 3385 612 3433 NHs.
636 3380 649 3449 ll
675 3385 723 3435 160
746 3400 846 3449 corpus
865 3398 965 3451 corque
983 3399 1005 3433 ω
1022 3398 1092 3441 corr.

173 3450 251 3502 NHe.
274 3446 287 3516 Ι]
310 3451 568 3502 1621aeeraeuea
596 3450 763 3514 laceraeque
783 3450 807 3499 E
829 3450 841 3517 Η
