2550 3917
186 181 251 247 420
575 194 719 242 rueram

187 338 312 414 primam
329 342 427 396 cutem
443 334 642 411 consumpsit,
659 334 728 394 hinc
745 334 855 395 aditum
872 334 956 397 nolas

186 423 217 481 in
233 420 367 483 membra
384 420 468 489 lecit,
485 417 604 479 abstulit
618 420 709 479 costis
723 417 815 489 latus,

187 506 285 566 exedit
300 512 382 565 artus
397 506 516 583 penitus
532 512 561 563 et
575 508 652 563 totas
667 502 778 564 malum

187 590 285 651 hausit
299 588 457 650 medullas:
479 586 597 649 ossihus
611 589 717 649 uacuis
732 588 824 649 sedet.

188 693 244 735 nec
259 693 326 735 ossa
342 674 451 735 durant
466 674 544 751 ipsa,
561 672 612 734 sed
628 672 823 751 compagibus

188 760 320 819 discussa
336 760 431 838 ruptis
447 756 524 818 mole
540 757 679 836 conlapsa
694 756 800 818 fluunt.

188 844 297 904 defecit
311 845 417 921 ingens
432 860 542 921 corpus
558 850 587 901 et
600 843 677 919 pesti
692 844 761 903 satis

188 927 328 989 herculea
348 945 410 988 non
426 934 496 987 sunt
510 925 654 987 membra.
685 944 741 1004 pro
757 933 899 1005 quantum
921 934 965 987 est
980 926 1089 988 malum
1120 935 1177 985 1235

189 1012 268 1091 quod
285 1031 350 1073 esse
365 1020 482 1073 uastum
498 1011 603 1071 latcor.
634 1029 652 1069 o
669 1009 766 1073 dirum
782 1012 873 1072 nolas.

190 1115 227 1157 en
243 1097 356 1157 cernite
371 1096 462 1157 urbes
478 1097 590 1156 cernite
606 1114 643 1155 ex
658 1094 708 1155 illo
724 1094 853 1156 Hercule

189 1180 261 1260 quid
277 1183 336 1243 iam
353 1182 490 1260 supersit.
521 1178 681 1240 Herculem
697 1182 832 1258 agnoscis
846 1181 951 1260 pater?

188 1266 274 1327 hisne
290 1284 345 1345 ego
361 1264 480 1325 lacertis
496 1264 571 1325 colla
585 1265 720 1343 nemeaei
735 1263 804 1325 mali

189 1350 259 1411 elisa
276 1351 391 1428 pressil
413 1358 516 1410 tensus
531 1349 587 1409 hac
602 1367 690 1411 arcus
705 1367 793 1410 manu

189 1436 277 1495 astris
292 1434 329 1495 ab
344 1436 416 1511 ipsis
432 1432 545 1512 depulit
561 1432 799 1513 Stymphalidas?

189 1519 236 1578 his
251 1538 307 1598 ego
323 1521 439 1580 citatam
456 1517 608 1597 gressibus
623 1520 682 1579 uici
697 1520 791 1579 leram

188 1604 323 1664 radiante
339 1602 454 1664 clarum
471 1601 569 1662 lronte
584 1611 749 1679 gestantem
765 1603 869 1678 caput?

195 1688 241 1748 his
257 1688 350 1748 lracta
367 1686 455 1765 Calpe
470 1686 623 1756 manibus,
640 1690 687 1747 his
701 1688 790 1747 cessit
804 1686 927 1755 fretum,

192 1771 239 1833 his
255 1781 299 1833 tot
314 1773 395 1832 serae
410 1780 454 1831 tot
469 1770 583 1831 scelera
597 1779 642 1831 tot
656 1789 744 1849 reges
759 1772 876 1831 iacent?

191 1856 238 1917 his
254 1856 382 1917 mundus
397 1857 510 1916 umeris
526 1854 618 1916 sedit?
640 1854 714 1915 haec
729 1854 823 1916 moles
838 1872 903 1916 mea
919 1856 983 1916 est?

190 1941 304 2002 haecne
319 1940 367 2001 illa
384 1942 505 2001 ceruixl
527 1940 620 2000 hasne
635 1957 690 2018 ego
707 1941 832 2019 opposui
847 1954 951 2002 moras

191 2024 273 2086 caelo
289 2026 407 2087 ruenti?
430 2026 495 2104 quis
509 2043 574 2085 mea
590 2031 693 2084 custos
709 2042 798 2084 manu

191 2111 327 2171 trahetur
342 2109 420 2170 ultra
436 2109 564 2188 stygius?
586 2108 637 2169 ubi
653 2110 733 2170 uires
748 2110 831 2188 prius

260 2364 327 2413 1228
345 2364 451 2413 aditum
463 2362 488 2411 u
507 2329 666 2411 auaitumn
685 2361 778 2411 aureus
791 2362 815 2410 A
829 2357 840 2427 p
852 2362 915 2412 naec
932 2363 1027 2412 uerna.-
1046 2363 1111 2413 hane

191 2447 217 2480 a.
237 2446 265 2480 n.
284 2432 303 2479 i.
322 2447 357 2479 m.
376 2431 446 2481 feeit
464 2432 555 2480 deerant
574 2429 678 2479 01110.
705 2430 886 2480 ‘Cruserianue
904 2446 954 2480 non
972 2431 1050 2481 habet
1067 2432 1113 2482 hoo

190 2514 280 2549 uersus
297 2498 363 2548 hino
376 2525 410 2533 —
422 2498 508 2556 iecur,
525 2499 601 2547 sicuti
618 2512 665 2547 nec
683 2497 755 2547 binos
768 2500 811 2564 qui
826 2494 1112 2563 praecedunt.’[]1229

190 2567 279 2630 pestis
291 2566 317 2616 Ε
325 2582 342 2631 g
354 2568 455 2631 quidam
467 2566 534 2615 Pau.
556 2564 641 2615 costis
654 2564 679 2613 A
692 2561 704 2630 ΙΙ
721 2565 795 2613 latus
809 2565 863 2615 εᾹΕ
876 2564 951 2616 1Ραὶ.
969 2566 1049 2615 iecur
1061 2567 1088 2616 A
1104 2563 1113 2631 ΙΙ

192 2635 259 2683 1230
278 2640 371 2683 costas
389 2634 415 2682 E
444 2636 521 2683 18188
539 2633 565 2682 Α
595 2632 790 2685 188188ΝΗ8.
819 2628 832 2697 ΙΙ
859 2631 973 2697 malum)
998 2633 1016 2681 l'
1035 2636 1112 2683 uirus

190 2716 320 2765 cupersan.
340 2698 466 2765 11111232
485 2699 585 2749 durant
603 2714 668 2749 ossa
686 2700 711 2748 Ε
724 2697 761 2762 (.)
780 2700 881 2749 durant
899 2700 962 2765 ipsa
980 2696 1031 2767 Ass
1048 2701 1114 2752 1234

190 2768 278 2833 pestis
297 2770 375 2817 81881
392 2766 418 2817 Ε
436 2770 509 2831 pesti
526 2768 596 2817 satis
615 2768 640 2817 A
665 2764 678 2833 ΙΙ
701 2769 766 2817 1237
785 2767 924 2818 Incernite
944 2768 970 2817 Ε
991 2768 1035 2818 En
1055 2783 1114 2819 oer-

191 2838 250 2886 nite
269 2837 294 2886 A
312 2832 325 2901 ll
343 2837 409 2886 1238
428 2834 501 2897 Quid
518 2834 576 2883 ism
594 2835 620 2883 A
640 2835 713 2896 Quid
731 2850 778 2885 om.
797 2836 853 2885 iam
872 2835 897 2883 Ε
914 2830 926 2899 ll
943 2836 1072 2900 agnoscit
1089 2836 1115 2885 Ε

192 2898 1035 3037 nihilhhlalhdllthilaldd'hhlltltd
1049 2918 1115 3021 tlh

193 3038 301 3104 depulit
317 3038 395 3087 End
425 3037 525 3087 detulit
542 3038 567 3086 A
591 3033 603 3101 Η
627 3039 693 3088 1243
711 3037 832 3087 Radiata
849 3037 875 3086 Ε
903 3038 1042 3087 Radiante
1062 3040 1088 3089 A
1106 3036 1115 3105 ll

127 3144 131 3153 .
193 3109 260 3157 1244
279 3110 395 3171 carpent
412 3105 438 3153 Ε
456 3105 536 3170 calpe
554 3105 579 3154 A
608 3101 621 3171 ΙΙ
652 3105 714 3155 81181
731 3105 757 3154 Ε
780 3105 855 3166 elisit
872 3105 897 3155 A
922 3106 1016 3155 emisit
1035 3106 1115 3157 Gran.

192 3175 247 3224 his
273 3174 372 3224 888811
393 3173 489 3237 8821ρεὶ
505 3175 570 3222 conl.
590 3173 673 3225 Herc.
693 3173 712 3223 1
727 3191 751 3223 u.
771 3176 820 3223 960
837 3172 996 3224 Perdomita
1019 3175 1114 3238 tellus,

193 3275 300 3326 tumida
318 3278 462 3324 cesserunt
479 3275 562 3326 fretu.
588 3273 642 3324 his
661 3275 727 3324 exit
746 3273 799 3324 GR.
823 3271 836 3341 ΙΙ
858 3250 947 3325 tirum
966 3274 991 3324 Ε
1012 3275 1114 3325 fretum

194 3344 218 3392 A
239 3340 252 3409 l}
274 3344 341 3393 1246
359 3358 422 3391 mea
439 3343 465 3391 Ε
477 3342 499 3391 R
510 3344 545 3405 p?
563 3342 616 3391 mei
635 3343 661 3391 A
680 3358 719 3392 ea
737 3341 834 3393 Juron.
858 3339 870 3409 Η
899 3344 963 3393 1247
982 3343 1070 3393 hosne
1088 3343 1114 3393 Ε

192 3410 245 3458 has
258 3411 282 3459 A
295 3407 307 3476 {l
320 3424 416 3459 manus
435 3411 486 3460 εΑ
504 3424 613 3458 moras
628 3410 707 3459 Gron.
720 3406 732 3474 ΙΙ
746 3412 811 3459 1248
830 3412 891 3474 quis
910 3426 973 3460 mee
990 3411 1017 3460 Ε
1035 3411 1113 3462 cuius

193 3492 210 3526 o
229 3472 280 3542 Afl
295 3478 361 3527 1249
379 3476 427 3525 ubi
444 3477 519 3525 uires
537 3476 596 3555 E.⁰
614 3478 690 3527 uires
708 3479 733 3528 A
750 3473 761 3543 ll
778 3478 865 3542 prius)
884 3478 995 3543 patris
1016 3478 1066 3529 Bo.
1091 3474 1103 3544 ΙΙ
