<?xml version="1.0" encoding="UTF-8"?>
<!DOCTYPE html PUBLIC "-//W3C//DTD XHTML 1.0 Transitional//EN"
    "http://www.w3.org/TR/xhtml1/DTD/xhtml1-transitional.dtd">
<html xmlns="http://www.w3.org/1999/xhtml" xml:lang="en" lang="en">
 <head>
  <title>
</title>
<meta http-equiv="Content-Type" content="text/html;charset=utf-8" />
  <meta name='ocr-system' content='tesseract 3.04.00' />
  <meta name='ocr-capabilities' content='ocr_page ocr_carea ocr_par ocr_line ocrx_word'/>
</head>
<body>
  <div class='ocr_page' id='page_1' title='image "./lannaeisenecaet00richgoog_0345.png"; bbox 0 0 2550 3917; ppageno 0'>
   <div class='ocr_carea' id='block_1_1' title="bbox 181 208 825 272">
    <p class='ocr_par' dir='ltr' id='par_1_1' title="bbox 181 208 825 272">
     <span class='ocr_line' id='line_1_1' title="bbox 181 208 825 272; baseline -0.008 0"><span class='ocrx_word' id='word_1_1' title='bbox 181 208 244 272; x_wconf 83' lang='grc'><strong>292</strong></span> <span class='ocrx_word' id='word_1_2' title='bbox 470 222 501 267; x_wconf 79' lang='lat' dir='ltr'><strong>n.</strong></span> <span class='ocrx_word' id='word_1_3' title='bbox 518 220 652 267; x_wconf 75' lang='lat' dir='ltr'><strong>anunm</strong></span> <span class='ocrx_word' id='word_1_4' title='bbox 668 219 825 268; x_wconf 73' lang='lat' dir='ltr'><strong>surreie</strong></span> 
     </span>
    </p>
   </div>
   <div class='ocr_carea' id='block_1_2' title="bbox 147 358 887 942">
    <p class='ocr_par' dir='ltr' id='par_1_2' title="bbox 147 358 887 942">
     <span class='ocr_line' id='line_1_2' title="bbox 181 358 782 437; baseline -0.003 -15"><span class='ocrx_word' id='word_1_5' title='bbox 181 362 267 422; x_wconf 89' lang='lat' dir='ltr'>Pindi</span> <span class='ocrx_word' id='word_1_6' title='bbox 282 360 388 421; x_wconf 87' lang='lat' dir='ltr'><strong>niualis</strong></span> <span class='ocrx_word' id='word_1_7' title='bbox 404 360 516 419; x_wconf 89' lang='lat' dir='ltr'><strong>uertice</strong></span> <span class='ocrx_word' id='word_1_8' title='bbox 531 368 582 419; x_wconf 93' lang='lat' dir='ltr'><strong>aut</strong></span> <span class='ocrx_word' id='word_1_9' title='bbox 597 358 691 437; x_wconf 79' lang='lat' dir='ltr'><strong>Nysae</strong></span> <span class='ocrx_word' id='word_1_10' title='bbox 706 361 782 436; x_wconf 81' lang='lat' dir='ltr'><strong>iugis</strong></span> 
     </span>
     <span class='ocr_line' id='line_1_3' title="bbox 181 443 839 522; baseline -0.005 -17"><span class='ocrx_word' id='word_1_11' title='bbox 181 443 839 522; x_wconf 81' lang='lat' dir='ltr'><strong>furoriscresignalymphatigerens:</strong></span> 
     </span>
     <span class='ocr_line' id='line_1_4' title="bbox 147 522 887 591; baseline -0.008 0"><span class='ocrx_word' id='word_1_12' title='bbox 147 532 173 591; x_wconf 85' lang='lat' dir='ltr'><strong>b&#39;</strong></span> <span class='ocrx_word' id='word_1_13' title='bbox 226 529 327 591; x_wconf 86' lang='lat' dir='ltr'><strong>Talis</strong></span> <span class='ocrx_word' id='word_1_14' title='bbox 343 536 478 589; x_wconf 87' lang='lat' dir='ltr'><strong>recursat</strong></span> <span class='ocrx_word' id='word_1_15' title='bbox 493 529 551 587; x_wconf 90' lang='lat' dir='ltr'><strong>huc</strong></span> <span class='ocrx_word' id='word_1_16' title='bbox 567 534 595 588; x_wconf 88' lang='lat' dir='ltr'><strong>et</strong></span> <span class='ocrx_word' id='word_1_17' title='bbox 611 529 669 587; x_wconf 90' lang='lat' dir='ltr'><strong>huc</strong></span> <span class='ocrx_word' id='word_1_18' title='bbox 685 536 766 587; x_wconf 86' lang='lat' dir='ltr'><strong>motu</strong></span> <span class='ocrx_word' id='word_1_19' title='bbox 781 522 887 587; x_wconf 82' lang='lat' dir='ltr'><strong>eiierc:</strong></span> 
     </span>
     <span class='ocr_line' id='line_1_5' title="bbox 181 612 870 689; baseline -0.004 -15"><span class='ocrx_word' id='word_1_20' title='bbox 181 615 368 674; x_wconf 86' lang='lat' dir='ltr'><strong>flammata</strong></span> <span class='ocrx_word' id='word_1_21' title='bbox 384 613 506 672; x_wconf 85' lang='lat' dir='ltr'><strong>iacies</strong></span> <span class='ocrx_word' id='word_1_22' title='bbox 521 614 658 689; x_wconf 88' lang='lat' dir='ltr'><strong>spiritum</strong></span> <span class='ocrx_word' id='word_1_23' title='bbox 675 631 710 671; x_wconf 80' lang='lat' dir='ltr'><strong>ex</strong></span> <span class='ocrx_word' id='word_1_24' title='bbox 727 612 784 671; x_wconf 89' lang='lat' dir='ltr'><strong>alto</strong></span> <span class='ocrx_word' id='word_1_25' title='bbox 801 614 870 671; x_wconf 89' lang='lat' dir='ltr'><strong>citat</strong></span> 
     </span>
     <span class='ocr_line' id='line_1_6' title="bbox 181 696 739 777; baseline -0.005 -20"><span class='ocrx_word' id='word_1_26' title='bbox 181 698 348 777; x_wconf 80' lang='lat' dir='ltr'>proclamat</span> <span class='ocrx_word' id='word_1_27' title='bbox 361 696 463 757; x_wconf 88' lang='lat' dir='ltr'><strong>oculus</strong></span> <span class='ocrx_word' id='word_1_28' title='bbox 477 696 562 756; x_wconf 88' lang='lat' dir='ltr'><strong>uberi</strong></span> <span class='ocrx_word' id='word_1_29' title='bbox 577 696 648 756; x_wconf 88' lang='lat' dir='ltr'><strong>iletu</strong></span> <span class='ocrx_word' id='word_1_30' title='bbox 664 699 739 774; x_wconf 85' lang='lat' dir='ltr'><strong>rigat</strong></span> 
     </span>
     <span class='ocr_line' id='line_1_7' title="bbox 181 780 844 858; baseline -0.003 -17"><span class='ocrx_word' id='word_1_31' title='bbox 181 783 305 843; x_wconf 83' lang='lat' dir='ltr'><strong>renidet.</strong></span> <span class='ocrx_word' id='word_1_32' title='bbox 336 784 431 841; x_wconf 88' lang='lat' dir='ltr'><strong>omnis</strong></span> <span class='ocrx_word' id='word_1_33' title='bbox 446 784 596 858; x_wconf 84' lang='lat' dir='ltr'><strong>specimen</strong></span> <span class='ocrx_word' id='word_1_34' title='bbox 613 780 744 840; x_wconf 85' lang='lat' dir='ltr'><strong>adfectus</strong></span> <span class='ocrx_word' id='word_1_35' title='bbox 759 782 844 857; x_wconf 83' lang='lat' dir='ltr'>capit.</span> 
     </span>
     <span class='ocr_line' id='line_1_8' title="bbox 147 864 863 942; baseline -0.007 -14"><span class='ocrx_word' id='word_1_36' title='bbox 147 864 169 927; x_wconf 88' lang='lat' dir='ltr'><strong>b&#39;</strong></span> <span class='ocrx_word' id='word_1_37' title='bbox 225 868 334 927; x_wconf 78' lang='lat' dir='ltr'><strong>Haeret</strong></span> <span class='ocrx_word' id='word_1_38' title='bbox 349 868 479 925; x_wconf 89' lang='lat' dir='ltr'><strong>minatur</strong></span> <span class='ocrx_word' id='word_1_39' title='bbox 494 873 608 925; x_wconf 88' lang='lat' dir='ltr'><strong>aestuat</strong></span> <span class='ocrx_word' id='word_1_40' title='bbox 623 867 757 942; x_wconf 88' lang='lat' dir='ltr'><strong>queritur</strong></span> <span class='ocrx_word' id='word_1_41' title='bbox 773 868 863 942; x_wconf 80' lang='lat' dir='ltr'>gemit</span> 
     </span>
    </p>
   </div>
   <div class='ocr_carea' id='block_1_3' title="bbox 147 1032 1172 1516">
    <p class='ocr_par' dir='ltr' id='par_1_3' title="bbox 184 1032 888 1113">
     <span class='ocr_line' id='line_1_9' title="bbox 184 1032 888 1113; baseline -0.001 -19"><span class='ocrx_word' id='word_1_42' title='bbox 184 1053 241 1113; x_wconf 92' lang='lat' dir='ltr'><strong>quo</strong></span> <span class='ocrx_word' id='word_1_43' title='bbox 258 1034 373 1111; x_wconf 87' lang='lat' dir='ltr'><strong>pondus</strong></span> <span class='ocrx_word' id='word_1_44' title='bbox 389 1036 478 1094; x_wconf 91' lang='lat' dir='ltr'><strong>animi</strong></span> <span class='ocrx_word' id='word_1_45' title='bbox 493 1043 597 1111; x_wconf 85' lang='lat' dir='ltr'><strong>uergat</strong></span> <span class='ocrx_word' id='word_1_46' title='bbox 614 1032 663 1093; x_wconf 93' lang='lat' dir='ltr'><strong>ubi</strong></span> <span class='ocrx_word' id='word_1_47' title='bbox 680 1042 770 1110; x_wconf 89' lang='lat' dir='ltr'><strong>ponat</strong></span> <span class='ocrx_word' id='word_1_48' title='bbox 784 1036 888 1093; x_wconf 90' lang='lat' dir='ltr'><strong>minas.</strong></span> 
     </span>
    </p>

    <p class='ocr_par' dir='ltr' id='par_1_4' title="bbox 147 1118 1172 1263">
     <span class='ocr_line' id='line_1_10' title="bbox 181 1118 1172 1194; baseline -0.004 -15"><span class='ocrx_word' id='word_1_49' title='bbox 181 1120 233 1179; x_wconf 93' lang='lat' dir='ltr'><strong>ubi</strong></span> <span class='ocrx_word' id='word_1_50' title='bbox 248 1138 280 1179; x_wconf 88' lang='lat' dir='ltr'><strong>se</strong></span> <span class='ocrx_word' id='word_1_51' title='bbox 296 1121 349 1179; x_wconf 87' lang='lat' dir='ltr'><strong>iste</strong></span> <span class='ocrx_word' id='word_1_52' title='bbox 364 1118 470 1178; x_wconf 86' lang='lat' dir='ltr'><strong>iluctus</strong></span> <span class='ocrx_word' id='word_1_53' title='bbox 486 1118 619 1194; x_wconf 78' lang='lat' dir='ltr'><strong>franget?</strong></span> <span class='ocrx_word' id='word_1_54' title='bbox 644 1118 773 1177; x_wconf 86' lang='lat' dir='ltr'><strong>exundat</strong></span> <span class='ocrx_word' id='word_1_55' title='bbox 788 1118 802 1176; x_wconf 90' lang='lat' dir='ltr'><strong>i</strong></span> <span class='ocrx_word' id='word_1_56' title='bbox 806 1136 904 1178; x_wconf 88' lang='lat' dir='ltr'><strong>uror.</strong></span> <span class='ocrx_word' id='word_1_57' title='bbox 1118 1127 1172 1175; x_wconf 81' lang='lat'><strong>395</strong></span> 
     </span>
     <span class='ocr_line' id='line_1_11' title="bbox 147 1201 960 1263; baseline -0.004 0"><span class='ocrx_word' id='word_1_58' title='bbox 147 1205 173 1263; x_wconf 86' lang='lat' dir='ltr'><strong>b&#39;</strong></span> <span class='ocrx_word' id='word_1_59' title='bbox 225 1203 289 1263; x_wconf 87' lang='lat' dir='ltr'><strong>Non</strong></span> <span class='ocrx_word' id='word_1_60' title='bbox 307 1202 391 1262; x_wconf 89' lang='lat' dir='ltr'><strong>iacile</strong></span> <span class='ocrx_word' id='word_1_61' title='bbox 407 1221 506 1261; x_wconf 89' lang='lat' dir='ltr'><strong>secum</strong></span> <span class='ocrx_word' id='word_1_62' title='bbox 524 1211 623 1263; x_wconf 87' lang='lat' dir='ltr'><strong>uersat</strong></span> <span class='ocrx_word' id='word_1_63' title='bbox 638 1210 689 1261; x_wconf 89' lang='lat' dir='ltr'><strong>aut</strong></span> <span class='ocrx_word' id='word_1_64' title='bbox 704 1202 833 1261; x_wconf 91' lang='lat' dir='ltr'><strong>medium</strong></span> <span class='ocrx_word' id='word_1_65' title='bbox 849 1201 960 1263; x_wconf 91' lang='lat' dir='ltr'><strong>scelus:</strong></span> 
     </span>
    </p>

    <p class='ocr_par' dir='ltr' id='par_1_5' title="bbox 183 1287 811 1355">
     <span class='ocr_line' id='line_1_12' title="bbox 183 1287 811 1355; baseline -0.002 -8"><span class='ocrx_word' id='word_1_66' title='bbox 183 1306 214 1347; x_wconf 89' lang='lat' dir='ltr'><strong>se</strong></span> <span class='ocrx_word' id='word_1_67' title='bbox 230 1289 343 1355; x_wconf 90' lang='lat' dir='ltr'><strong>uincet,</strong></span> <span class='ocrx_word' id='word_1_68' title='bbox 359 1289 422 1346; x_wconf 90' lang='lat' dir='ltr'><strong>irae</strong></span> <span class='ocrx_word' id='word_1_69' title='bbox 437 1287 575 1345; x_wconf 87' lang='lat' dir='ltr'><strong>nouimus</strong></span> <span class='ocrx_word' id='word_1_70' title='bbox 592 1287 702 1346; x_wconf 88' lang='lat' dir='ltr'><strong>ueteris</strong></span> <span class='ocrx_word' id='word_1_71' title='bbox 718 1293 811 1346; x_wconf 84' lang='lat' dir='ltr'><strong>notas</strong></span> 
     </span>
    </p>

    <p class='ocr_par' dir='ltr' id='par_1_6' title="bbox 182 1370 964 1448">
     <span class='ocr_line' id='line_1_13' title="bbox 182 1370 964 1448; baseline -0.001 -18"><span class='ocrx_word' id='word_1_72' title='bbox 182 1389 320 1448; x_wconf 85' lang='lat' dir='ltr'><strong>magnum</strong></span> <span class='ocrx_word' id='word_1_73' title='bbox 338 1370 441 1447; x_wconf 80' lang='lat' dir='ltr'><strong>aliquit</strong></span> <span class='ocrx_word' id='word_1_74' title='bbox 456 1372 544 1429; x_wconf 91' lang='lat' dir='ltr'><strong>instat</strong></span> <span class='ocrx_word' id='word_1_75' title='bbox 560 1371 683 1429; x_wconf 84' lang='lat' dir='ltr'><strong>efferum</strong></span> <span class='ocrx_word' id='word_1_76' title='bbox 700 1372 819 1431; x_wconf 85' lang='lat' dir='ltr'><strong>inmane</strong></span> <span class='ocrx_word' id='word_1_77' title='bbox 834 1371 964 1448; x_wconf 89' lang='lat' dir='ltr'><strong>inpium:</strong></span> 
     </span>
    </p>

    <p class='ocr_par' dir='ltr' id='par_1_7' title="bbox 175 1454 888 1516">
     <span class='ocr_line' id='line_1_14' title="bbox 175 1454 888 1516; baseline -0.003 -1"><span class='ocrx_word' id='word_1_78' title='bbox 175 1455 296 1516; x_wconf 87' lang='lat' dir='ltr'><strong>uultum</strong></span> <span class='ocrx_word' id='word_1_79' title='bbox 314 1456 458 1515; x_wconf 86' lang='lat' dir='ltr'><strong>iurcris</strong></span> <span class='ocrx_word' id='word_1_80' title='bbox 474 1471 574 1514; x_wconf 86' lang='lat' dir='ltr'><strong>cerno.</strong></span> <span class='ocrx_word' id='word_1_81' title='bbox 605 1454 634 1514; x_wconf 90' lang='lat' dir='ltr'><strong>di</strong></span> <span class='ocrx_word' id='word_1_82' title='bbox 651 1454 752 1514; x_wconf 81' lang='lat' dir='ltr'><strong>fallant</strong></span> <span class='ocrx_word' id='word_1_83' title='bbox 767 1463 888 1515; x_wconf 90' lang='lat' dir='ltr'><strong>metum.</strong></span> 
     </span>
    </p>
   </div>
   <div class='ocr_carea' id='block_1_4' title="bbox 147 1623 1173 2781">
    <p class='ocr_par' dir='ltr' id='par_1_8' title="bbox 147 1623 1173 2781">
     <span class='ocr_line' id='line_1_15' title="bbox 148 1623 1173 1702; baseline -0.002 -19"><span class='ocrx_word' id='word_1_84' title='bbox 148 1650 162 1683; x_wconf 82' lang='lat' dir='ltr'><strong>c</strong></span> <span class='ocrx_word' id='word_1_85' title='bbox 225 1636 309 1682; x_wconf 83' lang='lat' dir='ltr'><strong>unu.</strong></span> <span class='ocrx_word' id='word_1_86' title='bbox 328 1623 358 1682; x_wconf 91' lang='lat' dir='ltr'><strong>Si</strong></span> <span class='ocrx_word' id='word_1_87' title='bbox 374 1624 492 1702; x_wconf 89' lang='lat' dir='ltr'><strong>quaeris</strong></span> <span class='ocrx_word' id='word_1_88' title='bbox 508 1623 575 1681; x_wconf 88' lang='lat' dir='ltr'><strong>odic</strong></span> <span class='ocrx_word' id='word_1_89' title='bbox 591 1624 699 1683; x_wconf 88' lang='lat' dir='ltr'><strong>misera</strong></span> <span class='ocrx_word' id='word_1_90' title='bbox 716 1642 804 1701; x_wconf 88' lang='lat' dir='ltr'><strong>quem</strong></span> <span class='ocrx_word' id='word_1_91' title='bbox 820 1631 929 1684; x_wconf 90' lang='lat' dir='ltr'><strong>statuas</strong></span> <span class='ocrx_word' id='word_1_92' title='bbox 945 1623 1077 1697; x_wconf 89' lang='lat' dir='ltr'><strong>modum,</strong></span> <span class='ocrx_word' id='word_1_93' title='bbox 1116 1631 1173 1681; x_wconf 85' lang='lat'><strong>400</strong></span> 
     </span>
     <span class='ocr_line' id='line_1_16' title="bbox 181 1708 834 1783; baseline 0.002 -18"><span class='ocrx_word' id='word_1_94' title='bbox 181 1709 295 1767; x_wconf 90' lang='lat' dir='ltr'><strong>imitare</strong></span> <span class='ocrx_word' id='word_1_95' title='bbox 313 1725 454 1767; x_wconf 90' lang='lat' dir='ltr'><strong>amorem.</strong></span> <span class='ocrx_word' id='word_1_96' title='bbox 485 1710 582 1782; x_wconf 83' lang='lat' dir='ltr'><strong>regias</strong></span> <span class='ocrx_word' id='word_1_97' title='bbox 598 1725 692 1783; x_wconf 85' lang='lat' dir='ltr'><strong>egone</strong></span> <span class='ocrx_word' id='word_1_98' title='bbox 709 1715 740 1767; x_wconf 92' lang='lat' dir='ltr'><strong>ut</strong></span> <span class='ocrx_word' id='word_1_99' title='bbox 755 1708 834 1767; x_wconf 85' lang='lat' dir='ltr'><strong>iaces</strong></span> 
     </span>
     <span class='ocr_line' id='line_1_17' title="bbox 181 1790 731 1868; baseline -0.004 -17"><span class='ocrx_word' id='word_1_100' title='bbox 181 1790 271 1851; x_wconf 88' lang='lat' dir='ltr'><strong>inulta</strong></span> <span class='ocrx_word' id='word_1_101' title='bbox 289 1792 400 1868; x_wconf 86' lang='lat' dir='ltr'><strong>patiar?</strong></span> <span class='ocrx_word' id='word_1_102' title='bbox 423 1793 522 1866; x_wconf 87' lang='lat' dir='ltr'><strong>segnis</strong></span> <span class='ocrx_word' id='word_1_103' title='bbox 538 1791 586 1849; x_wconf 91' lang='lat' dir='ltr'><strong>hic</strong></span> <span class='ocrx_word' id='word_1_104' title='bbox 602 1790 654 1850; x_wconf 89' lang='lat' dir='ltr'>ibit</span> <span class='ocrx_word' id='word_1_105' title='bbox 669 1792 731 1851; x_wconf 82' lang='lat' dir='ltr'><strong>dies</strong></span> 
     </span>
     <span class='ocr_line' id='line_1_18' title="bbox 182 1874 730 1953; baseline -0.002 -19"><span class='ocrx_word' id='word_1_106' title='bbox 182 1884 262 1936; x_wconf 89' lang='lat' dir='ltr'><strong>tanto</strong></span> <span class='ocrx_word' id='word_1_107' title='bbox 278 1878 387 1953; x_wconf 83' lang='lat' dir='ltr'><strong>petitus</strong></span> <span class='ocrx_word' id='word_1_108' title='bbox 403 1874 514 1934; x_wconf 91' lang='lat' dir='ltr'><strong>ambitu</strong></span> <span class='ocrx_word' id='word_1_109' title='bbox 530 1883 610 1934; x_wconf 89' lang='lat' dir='ltr'><strong>tanto</strong></span> <span class='ocrx_word' id='word_1_110' title='bbox 626 1876 730 1936; x_wconf 76' lang='lat' dir='ltr'><strong>datus?</strong></span> 
     </span>
     <span class='ocr_line' id='line_1_19' title="bbox 147 1959 894 2020; baseline -0.003 0"><span class='ocrx_word' id='word_1_111' title='bbox 147 1972 164 2020; x_wconf 83' lang='lat' dir='ltr'>d</span> <span class='ocrx_word' id='word_1_112' title='bbox 223 1960 310 2020; x_wconf 83' lang='lat' dir='ltr'><strong>Dum</strong></span> <span class='ocrx_word' id='word_1_113' title='bbox 326 1968 404 2019; x_wconf 91' lang='lat' dir='ltr'><strong>terra</strong></span> <span class='ocrx_word' id='word_1_114' title='bbox 421 1959 535 2019; x_wconf 90' lang='lat' dir='ltr'><strong>caelum</strong></span> <span class='ocrx_word' id='word_1_115' title='bbox 551 1960 646 2019; x_wconf 90' lang='lat' dir='ltr'><strong>media</strong></span> <span class='ocrx_word' id='word_1_116' title='bbox 662 1959 802 2019; x_wconf 89' lang='lat' dir='ltr'><strong>libratum</strong></span> <span class='ocrx_word' id='word_1_117' title='bbox 818 1961 894 2020; x_wconf 87' lang='lat' dir='ltr'><strong>ieret</strong></span> 
     </span>
     <span class='ocr_line' id='line_1_20' title="bbox 180 2044 838 2122; baseline -0.003 -19"><span class='ocrx_word' id='word_1_118' title='bbox 180 2044 349 2122; x_wconf 88' lang='lat' dir='ltr'><strong>nitidusque</strong></span> <span class='ocrx_word' id='word_1_119' title='bbox 366 2050 463 2103; x_wconf 85' lang='lat' dir='ltr'><strong>certas</strong></span> <span class='ocrx_word' id='word_1_120' title='bbox 478 2045 606 2104; x_wconf 88' lang='lat' dir='ltr'><strong>mundus</strong></span> <span class='ocrx_word' id='word_1_121' title='bbox 623 2046 741 2104; x_wconf 85' lang='lat' dir='ltr'><strong>euoluet</strong></span> <span class='ocrx_word' id='word_1_122' title='bbox 756 2047 838 2103; x_wconf 91' lang='lat' dir='ltr'><strong>uices</strong></span> 
     </span>
     <span class='ocr_line' id='line_1_21' title="bbox 180 2128 843 2208; baseline 0.003 -22"><span class='ocrx_word' id='word_1_123' title='bbox 180 2146 383 2208; x_wconf 89' lang='lat' dir='ltr'><strong>numerusque</strong></span> <span class='ocrx_word' id='word_1_124' title='bbox 399 2128 519 2188; x_wconf 88' lang='lat' dir='ltr'><strong>harenis</strong></span> <span class='ocrx_word' id='word_1_125' title='bbox 535 2128 610 2188; x_wconf 88' lang='lat' dir='ltr'><strong>derit</strong></span> <span class='ocrx_word' id='word_1_126' title='bbox 627 2136 656 2187; x_wconf 91' lang='lat' dir='ltr'><strong>et</strong></span> <span class='ocrx_word' id='word_1_127' title='bbox 670 2128 763 2189; x_wconf 82' lang='lat' dir='ltr'><strong>solem</strong></span> <span class='ocrx_word' id='word_1_128' title='bbox 780 2128 843 2188; x_wconf 92' lang='lat' dir='ltr'><strong>dies</strong></span> 
     </span>
     <span class='ocr_line' id='line_1_22' title="bbox 181 2211 896 2289; baseline 0 -18"><span class='ocrx_word' id='word_1_129' title='bbox 181 2219 298 2272; x_wconf 89' lang='lat' dir='ltr'><strong>noctem</strong></span> <span class='ocrx_word' id='word_1_130' title='bbox 314 2219 475 2288; x_wconf 90' lang='lat' dir='ltr'><strong>sequentur</strong></span> <span class='ocrx_word' id='word_1_131' title='bbox 491 2219 586 2283; x_wconf 89' lang='lat' dir='ltr'><strong>astra,</strong></span> <span class='ocrx_word' id='word_1_132' title='bbox 604 2213 686 2272; x_wconf 90' lang='lat' dir='ltr'><strong>dum</strong></span> <span class='ocrx_word' id='word_1_133' title='bbox 702 2214 795 2272; x_wconf 88' lang='lat' dir='ltr'><strong>siccas</strong></span> <span class='ocrx_word' id='word_1_134' title='bbox 810 2211 896 2289; x_wconf 87' lang='lat' dir='ltr'><strong>pclus</strong></span> 
     </span>
     <span class='ocr_line' id='line_1_23' title="bbox 181 2296 888 2373; baseline 0 -17"><span class='ocrx_word' id='word_1_135' title='bbox 181 2296 313 2356; x_wconf 89' lang='lat' dir='ltr'><strong>uersabit</strong></span> <span class='ocrx_word' id='word_1_136' title='bbox 329 2305 427 2356; x_wconf 89' lang='lat' dir='ltr'><strong>arctos</strong></span> <span class='ocrx_word' id='word_1_137' title='bbox 442 2296 565 2357; x_wconf 88' lang='lat' dir='ltr'><strong>flumina</strong></span> <span class='ocrx_word' id='word_1_138' title='bbox 581 2298 610 2355; x_wconf 95' lang='lat' dir='ltr'><strong>in</strong></span> <span class='ocrx_word' id='word_1_139' title='bbox 627 2305 750 2373; x_wconf 87' lang='lat' dir='ltr'><strong>pontum</strong></span> <span class='ocrx_word' id='word_1_140' title='bbox 767 2297 888 2356; x_wconf 88' lang='lat' dir='ltr'><strong>cadent:</strong></span> 
     </span>
     <span class='ocr_line' id='line_1_24' title="bbox 147 2380 938 2460; baseline -0.004 -19"><span class='ocrx_word' id='word_1_141' title='bbox 147 2384 172 2441; x_wconf 83' lang='lat' dir='ltr'><strong>d&#39;</strong></span> <span class='ocrx_word' id='word_1_142' title='bbox 225 2380 425 2460; x_wconf 85' lang='lat' dir='ltr'><strong>Numquam</strong></span> <span class='ocrx_word' id='word_1_143' title='bbox 442 2399 526 2440; x_wconf 89' lang='lat' dir='ltr'><strong>meus</strong></span> <span class='ocrx_word' id='word_1_144' title='bbox 542 2381 668 2440; x_wconf 83' lang='lat' dir='ltr'><strong>cessabit</strong></span> <span class='ocrx_word' id='word_1_145' title='bbox 683 2383 712 2439; x_wconf 93' lang='lat' dir='ltr'><strong>in</strong></span> <span class='ocrx_word' id='word_1_146' title='bbox 729 2398 839 2457; x_wconf 90' lang='lat' dir='ltr'><strong>poenas</strong></span> <span class='ocrx_word' id='word_1_147' title='bbox 855 2382 938 2441; x_wconf 82' lang='lat' dir='ltr'><strong>furor</strong></span> 
     </span>
     <span class='ocr_line' id='line_1_25' title="bbox 182 2466 1173 2543; baseline -0.004 -20"><span class='ocrx_word' id='word_1_148' title='bbox 182 2471 354 2542; x_wconf 88' lang='lat' dir='ltr'><strong>crescetque</strong></span> <span class='ocrx_word' id='word_1_149' title='bbox 369 2482 495 2543; x_wconf 89' lang='lat' dir='ltr'><strong>semper.</strong></span> <span class='ocrx_word' id='word_1_150' title='bbox 528 2484 602 2542; x_wconf 91' lang='lat' dir='ltr'><strong>quae</strong></span> <span class='ocrx_word' id='word_1_151' title='bbox 619 2466 748 2525; x_wconf 80' lang='lat' dir='ltr'><strong>ferarum</strong></span> <span class='ocrx_word' id='word_1_152' title='bbox 764 2467 921 2525; x_wconf 92' lang='lat' dir='ltr'><strong>inmanitas</strong></span> <span class='ocrx_word' id='word_1_153' title='bbox 1117 2472 1173 2519; x_wconf 89' lang='lat'><strong>410</strong></span> 
     </span>
     <span class='ocr_line' id='line_1_26' title="bbox 182 2548 908 2627; baseline 0.001 -19"><span class='ocrx_word' id='word_1_154' title='bbox 182 2567 257 2626; x_wconf 89' lang='lat' dir='ltr'><strong>quae</strong></span> <span class='ocrx_word' id='word_1_155' title='bbox 274 2548 367 2626; x_wconf 84' lang='lat' dir='ltr'><strong>Scylla</strong></span> <span class='ocrx_word' id='word_1_156' title='bbox 385 2566 460 2626; x_wconf 90' lang='lat' dir='ltr'><strong>quae</strong></span> <span class='ocrx_word' id='word_1_157' title='bbox 476 2548 640 2627; x_wconf 83' lang='lat' dir='ltr'><strong>Charybdis</strong></span> <span class='ocrx_word' id='word_1_158' title='bbox 656 2551 809 2608; x_wconf 87' lang='lat' dir='ltr'><strong>ausonium</strong></span> <span class='ocrx_word' id='word_1_159' title='bbox 827 2569 908 2609; x_wconf 91' lang='lat' dir='ltr'><strong>mare</strong></span> 
     </span>
     <span class='ocr_line' id='line_1_27' title="bbox 182 2632 997 2713; baseline 0.002 -21"><span class='ocrx_word' id='word_1_160' title='bbox 182 2632 366 2710; x_wconf 82' lang='lat' dir='ltr'><strong>siculumque</strong></span> <span class='ocrx_word' id='word_1_161' title='bbox 381 2632 507 2692; x_wconf 88' lang='lat' dir='ltr'><strong>sorbens</strong></span> <span class='ocrx_word' id='word_1_162' title='bbox 524 2650 637 2708; x_wconf 91' lang='lat' dir='ltr'><strong>quaeue</strong></span> <span class='ocrx_word' id='word_1_163' title='bbox 654 2632 840 2694; x_wconf 88' lang='lat' dir='ltr'><strong>anhelantem</strong></span> <span class='ocrx_word' id='word_1_164' title='bbox 856 2652 997 2713; x_wconf 87' lang='lat' dir='ltr'><strong>premens</strong></span> 
     </span>
     <span class='ocr_line' id='line_1_28' title="bbox 182 2716 747 2781; baseline 0.002 -7"><span class='ocrx_word' id='word_1_165' title='bbox 182 2719 271 2775; x_wconf 89' lang='lat' dir='ltr'><strong>titana</strong></span> <span class='ocrx_word' id='word_1_166' title='bbox 288 2718 374 2775; x_wconf 91' lang='lat' dir='ltr'><strong>tantis</strong></span> <span class='ocrx_word' id='word_1_167' title='bbox 390 2718 480 2781; x_wconf 79' lang='lat' dir='ltr'><strong>Aetna</strong></span> <span class='ocrx_word' id='word_1_168' title='bbox 498 2716 624 2776; x_wconf 86' lang='lat' dir='ltr'><strong>icruebit</strong></span> <span class='ocrx_word' id='word_1_169' title='bbox 640 2718 747 2777; x_wconf 83' lang='lat' dir='ltr'><strong>minis?</strong></span> 
     </span>
    </p>
   </div>
   <div class='ocr_carea' id='block_1_5' title="bbox 178 2932 1101 3406">
    <p class='ocr_par' dir='ltr' id='par_1_9' title="bbox 178 2932 1259 3406">
     <span class='ocr_line' id='line_1_29' title="bbox 250 2932 1100 3001; baseline 0.001 -17"><span class='ocrx_word' id='word_1_170' title='bbox 250 2934 299 2984; x_wconf 84' lang='grc'>387</span> <span class='ocrx_word' id='word_1_171' title='bbox 322 2935 425 2997; x_wconf 81' lang='lat' dir='ltr'><strong>iugulis</strong></span> <span class='ocrx_word' id='word_1_172' title='bbox 444 2936 467 2983; x_wconf 86' lang='grc' dir='ltr'><em>Α</em></span> <span class='ocrx_word' id='word_1_173' title='bbox 495 2936 598 2984; x_wconf 84' lang='lat' dir='ltr'><strong>niualis</strong></span> <span class='ocrx_word' id='word_1_174' title='bbox 617 2936 655 2985; x_wconf 72' lang='lat' dir='ltr'><strong>en</strong></span> <span class='ocrx_word' id='word_1_175' title='bbox 683 2932 695 3001; x_wconf 76' lang='lat' dir='ltr'><strong>{l</strong></span> <span class='ocrx_word' id='word_1_176' title='bbox 723 2953 763 2984; x_wconf 85' lang='lat' dir='ltr'><strong>uu.</strong></span> <span class='ocrx_word' id='word_1_177' title='bbox 781 2937 831 2986; x_wconf 86' lang='lat'><strong>388</strong></span> <span class='ocrx_word' id='word_1_178' title='bbox 848 2937 899 2986; x_wconf 86' lang='grc'>389</span> <span class='ocrx_word' id='word_1_179' title='bbox 917 2938 1100 2986; x_wconf 80' lang='lat' dir='ltr'><strong>connmtandnc</strong></span> 
     </span>
     <span class='ocr_line' id='line_1_30' title="bbox 178 2998 1098 3069; baseline 0.004 -20"><span class='ocrx_word' id='word_1_180' title='bbox 178 3004 276 3065; x_wconf 81' lang='lat' dir='ltr'><strong>putaui.</strong></span> <span class='ocrx_word' id='word_1_181' title='bbox 300 2998 312 3067; x_wconf 79' lang='lat' dir='ltr'><strong>{l</strong></span> <span class='ocrx_word' id='word_1_182' title='bbox 336 3004 384 3051; x_wconf 91' lang='grc'><strong>391</strong></span> <span class='ocrx_word' id='word_1_183' title='bbox 404 3018 419 3051; x_wconf 93' lang='lat'>0</span> <span class='ocrx_word' id='word_1_184' title='bbox 438 3003 531 3065; x_wconf 83' lang='lat' dir='ltr'><strong>superi</strong></span> <span class='ocrx_word' id='word_1_185' title='bbox 550 3004 645 3051; x_wconf 85' lang='lat' dir='ltr'><strong>oculos</strong></span> <span class='ocrx_word' id='word_1_186' title='bbox 663 3006 687 3051; x_wconf 85' lang='grc' dir='ltr'><em>Α</em></span> <span class='ocrx_word' id='word_1_187' title='bbox 716 3004 810 3052; x_wconf 87' lang='lat' dir='ltr'><strong>oculos</strong></span> <span class='ocrx_word' id='word_1_188' title='bbox 828 3004 907 3053; x_wconf 88' lang='lat' dir='ltr'><strong>uberi</strong></span> <span class='ocrx_word' id='word_1_189' title='bbox 925 3004 990 3052; x_wconf 70' lang='lat' dir='ltr'><strong>EM)</strong></span> <span class='ocrx_word' id='word_1_190' title='bbox 1013 3001 1024 3069; x_wconf 71' lang='grc' dir='ltr'><strong>ΙΙ</strong></span> <span class='ocrx_word' id='word_1_191' title='bbox 1047 3007 1098 3055; x_wconf 79' lang='grc'>392</span> 
     </span>
     <span class='ocr_line' id='line_1_31' title="bbox 182 3065 1101 3135; baseline 0.002 -18"><span class='ocrx_word' id='word_1_192' title='bbox 182 3084 265 3118; x_wconf 85' lang='lat' dir='ltr'><strong>omne</strong></span> <span class='ocrx_word' id='word_1_193' title='bbox 283 3076 315 3118; x_wconf 84' lang='lat' dir='ltr'><strong>ct.</strong></span> <span class='ocrx_word' id='word_1_194' title='bbox 329 3070 405 3118; x_wconf 80' lang='lat' dir='ltr'><strong>NHe.</strong></span> <span class='ocrx_word' id='word_1_195' title='bbox 419 3065 430 3135; x_wconf 77' lang='lat' dir='ltr'>ss</span> <span class='ocrx_word' id='word_1_196' title='bbox 442 3077 501 3118; x_wconf 83' lang='lat' dir='ltr'><strong>ante</strong></span> <span class='ocrx_word' id='word_1_197' title='bbox 519 3088 542 3118; x_wconf 82' lang='lat' dir='ltr'><strong>u.</strong></span> <span class='ocrx_word' id='word_1_198' title='bbox 557 3072 607 3120; x_wconf 88' lang='grc'><strong>394</strong></span> <span class='ocrx_word' id='word_1_199' title='bbox 624 3086 725 3120; x_wconf 74' lang='lat' dir='ltr'><strong>uersum</strong></span> <span class='ocrx_word' id='word_1_200' title='bbox 740 3072 858 3133; x_wconf 73' lang='lat' dir='ltr'><strong>periisse,</strong></span> <span class='ocrx_word' id='word_1_201' title='bbox 877 3072 906 3120; x_wconf 84' lang='lat' dir='ltr'><strong>id</strong></span> <span class='ocrx_word' id='word_1_202' title='bbox 916 3074 985 3135; x_wconf 85' lang='lat' dir='ltr'><strong>quod</strong></span> <span class='ocrx_word' id='word_1_203' title='bbox 1001 3074 1101 3121; x_wconf 79' lang='lat' dir='ltr'><strong>censuit</strong></span> 
     </span>
     <span class='ocr_line' id='line_1_32' title="bbox 182 3135 1100 3204; baseline 0.002 -19"><span class='ocrx_word' id='word_1_204' title='bbox 182 3137 256 3193; x_wconf 86' lang='lat' dir='ltr'><strong><em>R.P.‚</em></strong></span> <span class='ocrx_word' id='word_1_205' title='bbox 275 3138 350 3186; x_wconf 83' lang='lat' dir='ltr'><strong>docet</strong></span> <span class='ocrx_word' id='word_1_206' title='bbox 361 3138 493 3199; x_wconf 80' lang='lat' dir='ltr'><strong>scriptura</strong></span> <span class='ocrx_word' id='word_1_207' title='bbox 504 3140 599 3187; x_wconf 74' lang='lat' dir='ltr'><strong>codicis</strong></span> <span class='ocrx_word' id='word_1_208' title='bbox 612 3138 636 3185; x_wconf 84' lang='lat' dir='ltr'><em>E</em></span> <span class='ocrx_word' id='word_1_209' title='bbox 650 3156 674 3189; x_wconf 86' lang='lat' dir='ltr'><strong>u.</strong></span> <span class='ocrx_word' id='word_1_210' title='bbox 688 3154 741 3203; x_wconf 82' lang='lat' dir='ltr'><strong>seq.</strong></span> <span class='ocrx_word' id='word_1_211' title='bbox 755 3135 766 3204; x_wconf 90' lang='grc' dir='ltr'><strong>ΙΙ</strong></span> <span class='ocrx_word' id='word_1_212' title='bbox 779 3140 829 3187; x_wconf 88' lang='grc'><strong>394</strong></span> <span class='ocrx_word' id='word_1_213' title='bbox 841 3153 893 3201; x_wconf 91' lang='lat' dir='ltr'><strong>quo</strong></span> <span class='ocrx_word' id='word_1_214' title='bbox 907 3140 1011 3201; x_wconf 82' lang='lat' dir='ltr'><strong>pondus</strong></span> <span class='ocrx_word' id='word_1_215' title='bbox 1024 3138 1100 3187; x_wconf 81' lang='lat' dir='ltr'><strong>istud</strong></span> 
     </span>
     <span class='ocr_line' id='line_1_33' title="bbox 182 3206 1098 3271; baseline 0.003 -20"><span class='ocrx_word' id='word_1_216' title='bbox 182 3209 280 3269; x_wconf 83' lang='lat' dir='ltr'><strong>uerget</strong></span> <span class='ocrx_word' id='word_1_217' title='bbox 293 3206 340 3253; x_wconf 90' lang='lat' dir='ltr'><strong>ubi</strong></span> <span class='ocrx_word' id='word_1_218' title='bbox 352 3208 437 3268; x_wconf 85' lang='lat' dir='ltr'><strong>ponet</strong></span> <span class='ocrx_word' id='word_1_219' title='bbox 450 3206 473 3253; x_wconf 85' lang='grc' dir='ltr'><em>Α</em></span> <span class='ocrx_word' id='word_1_220' title='bbox 499 3206 660 3271; x_wconf 83' lang='lat' dir='ltr'><strong>qucpcndus</strong></span> <span class='ocrx_word' id='word_1_221' title='bbox 673 3207 758 3255; x_wconf 87' lang='lat' dir='ltr'><strong>animi</strong></span> <span class='ocrx_word' id='word_1_222' title='bbox 770 3211 869 3268; x_wconf 81' lang='lat' dir='ltr'><strong>uergat</strong></span> <span class='ocrx_word' id='word_1_223' title='bbox 881 3207 929 3256; x_wconf 87' lang='lat' dir='ltr'><strong>ubi</strong></span> <span class='ocrx_word' id='word_1_224' title='bbox 941 3211 1027 3270; x_wconf 83' lang='lat' dir='ltr'><strong>ponat</strong></span> <span class='ocrx_word' id='word_1_225' title='bbox 1039 3206 1064 3253; x_wconf 95' lang='grc' dir='ltr'><em>Ε</em></span> <span class='ocrx_word' id='word_1_226' title='bbox 1084 3207 1098 3268; x_wconf 83' lang='grc' dir='ltr'><strong>ΙΙ</strong></span> 
     </span>
     <span class='ocr_line' id='line_1_34' title="bbox 182 3270 1101 3338; baseline 0.001 -18"><span class='ocrx_word' id='word_1_227' title='bbox 182 3272 232 3320; x_wconf 87' lang='grc'>396</span> <span class='ocrx_word' id='word_1_228' title='bbox 256 3276 304 3320; x_wconf 84' lang='lat' dir='ltr'><strong>aut</strong></span> <span class='ocrx_word' id='word_1_229' title='bbox 326 3271 414 3321; x_wconf 88' lang='lat' dir='ltr'><strong>induit</strong></span> <span class='ocrx_word' id='word_1_230' title='bbox 437 3272 527 3322; x_wconf 83' lang='lat' dir='ltr'><strong>scelus</strong></span> <span class='ocrx_word' id='word_1_231' title='bbox 549 3274 589 3323; x_wconf 71' lang='lat' dir='ltr'><strong>M}</strong></span> <span class='ocrx_word' id='word_1_232' title='bbox 617 3270 629 3338; x_wconf 79' lang='grc' dir='ltr'>Η</span> <span class='ocrx_word' id='word_1_233' title='bbox 658 3275 707 3323; x_wconf 84' lang='grc'>397</span> <span class='ocrx_word' id='word_1_234' title='bbox 730 3288 760 3322; x_wconf 79' lang='lat' dir='ltr'><strong>se</strong></span> <span class='ocrx_word' id='word_1_235' title='bbox 784 3273 874 3337; x_wconf 81' lang='lat' dir='ltr'><strong>iungit</strong></span> <span class='ocrx_word' id='word_1_236' title='bbox 896 3273 921 3322; x_wconf 86' lang='lat' dir='ltr'><em>E</em></span> <span class='ocrx_word' id='word_1_237' title='bbox 950 3290 981 3323; x_wconf 86' lang='lat' dir='ltr'><strong>se</strong></span> <span class='ocrx_word' id='word_1_238' title='bbox 1003 3274 1101 3323; x_wconf 85' lang='lat' dir='ltr'><strong>uincet</strong></span> 
     </span>
     <span class='ocr_line' id='line_1_35' title="bbox 183 3334 1098 3406; baseline 0.002 -19"><span class='ocrx_word' id='word_1_239' title='bbox 183 3341 206 3387; x_wconf 86' lang='grc' dir='ltr'><em>Α</em></span> <span class='ocrx_word' id='word_1_240' title='bbox 237 3334 248 3401; x_wconf 74' lang='grc' dir='ltr'>Η</span> <span class='ocrx_word' id='word_1_241' title='bbox 277 3342 326 3389; x_wconf 92' lang='grc'><strong>401</strong></span> <span class='ocrx_word' id='word_1_242' title='bbox 352 3341 467 3389; x_wconf 85' lang='lat' dir='ltr'><strong>emitare</strong></span> <span class='ocrx_word' id='word_1_243' title='bbox 489 3340 514 3389; x_wconf 97' lang='grc' dir='ltr'><em>Ε</em></span> <span class='ocrx_word' id='word_1_244' title='bbox 544 3342 651 3391; x_wconf 82' lang='lat' dir='ltr'><strong>imitare</strong></span> <span class='ocrx_word' id='word_1_245' title='bbox 674 3343 698 3389; x_wconf 87' lang='lat' dir='ltr'><em>A</em></span> <span class='ocrx_word' id='word_1_246' title='bbox 729 3336 741 3406; x_wconf 82' lang='grc' dir='ltr'>Η</span> <span class='ocrx_word' id='word_1_247' title='bbox 768 3343 817 3389; x_wconf 88' lang='grc'><strong>411</strong></span> <span class='ocrx_word' id='word_1_248' title='bbox 835 3342 939 3389; x_wconf 89' lang='lat' dir='ltr'><strong>ionium</strong></span> <span class='ocrx_word' id='word_1_249' title='bbox 962 3342 987 3391; x_wconf 83' lang='grc' dir='ltr'><em>Α</em></span> <span class='ocrx_word' id='word_1_250' title='bbox 1017 3356 1098 3390; x_wconf 79' lang='lat' dir='ltr'><strong>eusc-</strong></span> 
     </span>
    </p>
   </div>
   <div class='ocr_carea' id='block_1_6' title="bbox 183 3402 1117 3539">
    <p class='ocr_par' dir='ltr' id='par_1_10' title="bbox 183 3402 1117 3539">
     <span class='ocr_line' id='line_1_36' title="bbox 183 3402 1117 3539; baseline 0.006 -87"><span class='ocrx_word' id='word_1_251' title='bbox 183 3406 258 3519; x_wconf 68' lang='lat' dir='ltr'><strong>nLium</strong></span> <span class='ocrx_word' id='word_1_252' title='bbox 279 3406 305 3539; x_wconf 50' lang='lat' dir='ltr'><strong>ff]</strong></span> <span class='ocrx_word' id='word_1_253' title='bbox 327 3402 339 3471; x_wconf 84' lang='grc' dir='ltr'><strong>ΙΙ</strong></span> <span class='ocrx_word' id='word_1_254' title='bbox 362 3409 412 3457; x_wconf 79' lang='grc'><strong>412</strong></span> <span class='ocrx_word' id='word_1_255' title='bbox 435 3422 559 3471; x_wconf 84' lang='lat' dir='ltr'><strong>quaeque</strong></span> <span class='ocrx_word' id='word_1_256' title='bbox 580 3410 602 3458; x_wconf 85' lang='grc' dir='ltr'><em>Α</em></span> <span class='ocrx_word' id='word_1_257' title='bbox 627 3423 735 3473; x_wconf 77' lang='lat' dir='ltr'><strong>quaeue</strong></span> <span class='ocrx_word' id='word_1_258' title='bbox 753 3409 779 3457; x_wconf 94' lang='grc' dir='ltr'><em>Ε</em></span> <span class='ocrx_word' id='word_1_259' title='bbox 802 3405 813 3473; x_wconf 63' lang='grc' dir='ltr'><strong>ΙΙ</strong></span> <span class='ocrx_word' id='word_1_260' title='bbox 836 3410 886 3458; x_wconf 85' lang='grc'><strong>413</strong></span> <span class='ocrx_word' id='word_1_261' title='bbox 909 3409 1043 3458; x_wconf 82' lang='lat' dir='ltr'><strong>ierueseit</strong></span> <span class='ocrx_word' id='word_1_262' title='bbox 1065 3410 1117 3461; x_wconf 84' lang='lat' dir='ltr'><strong>ci..</strong></span> 
     </span>
     <span class='ocr_line' id='line_1_37' title="bbox 207 3487 256 3535; baseline 0.102 -17"><span class='ocrx_word' id='word_1_263' title='bbox 207 3487 256 3535; x_wconf 73' lang='lat' dir='ltr'><strong>epa.</strong></span> 
     </span>
    </p>
   </div>
   <div class='ocr_carea' id='block_1_7' title="bbox 0 0 1283 3917">
    <p class='ocr_par' dir='ltr' id='par_1_11' title="bbox 0 0 1283 3917">
     <span class='ocr_line' id='line_1_38' title="bbox 0 0 1283 3917; baseline 0 0"><span class='ocrx_word' id='word_1_264' title='bbox 0 0 1283 3917; x_wconf 95' lang='lat' dir='ltr'><strong> </strong></span> 
     </span>
    </p>
   </div>
  </div>
 </body>
</html>
