2550 3917
449 152 458 173 '
508 151 707 200 PRAEFATIO
1029 154 1082 201 vlt

138 323 292 389 temporum
312 312 357 369 uel
376 311 552 368 librariorum
572 313 689 368 iniuriae
713 311 845 368 tribuisse
857 308 900 383 ⁴).
944 313 1028 369 lmmo
1050 322 1082 369 ut

135 416 187 473 pro
212 398 407 472 dittographiis
433 396 519 453 multa
546 414 642 453 eorum
668 413 738 471 quae
765 395 930 453 exclusimus
955 397 1079 454 habenda

135 492 209 545 sunt.
226 484 264 539 ita
279 500 335 540 non
350 499 452 557 paucos
468 499 566 539 uersus
582 482 712 538 ambitum
729 483 920 556 stropharum,
937 481 1037 555 quibus
1053 491 1081 538 et

132 570 162 623 in
178 566 308 624 diuerbiis
324 567 394 623 etin
411 566 573 623 carminibus
589 576 671 640 poeta
692 568 845 623 orationem
861 566 1018 641 discripsit,
1035 585 1081 623 su·

131 670 184 726 pra
207 653 309 708 iustum
325 652 435 709 modum
456 659 590 725 augentes
605 651 638 707 ab
660 654 721 725 ipso
737 658 819 725 poeta
839 651 1002 707 arbitramur
1016 669 1081 725 pro·

131 738 222 793 lectos
242 753 302 793 esse
324 736 411 809 (uelut
425 736 448 791 H
463 735 524 793 552
542 735 602 793 745
619 736 680 793 791
697 735 791 808 alios),
813 738 860 809 qui
883 736 991 809 quidem
1013 738 1081 793 scri·

130 821 214 878 bendi
229 823 334 895 impetu
349 822 479 895 abreptus
496 821 607 877 eandem
622 837 681 877 rem
696 838 750 895 qua
771 828 831 877 erat
845 820 1081 895 ingeniubertate

131 906 264 963 uariando
285 913 313 963 et
332 906 393 961 aliis
415 905 508 962 uerbis
533 906 632 962 iterum
654 913 683 961 et
702 907 810 979 saepius
831 904 1003 961 inlustrando
1024 922 1080 962 non

131 1006 281 1063 numquam
303 991 391 1063 legem
412 989 487 1046 illam
503 1007 583 1064 quam
599 992 662 1064 ipse
678 990 729 1046 sibi
745 988 894 1063 scripserat
909 991 1080 1064 stropbicam

132 1075 252 1132 uiolasse
281 1075 477 1131 existimandus
502 1083 552 1132 est.
597 1073 671 1141 Quae
698 1074 794 1132 menda
821 1076 844 1130 si
871 1076 1026 1148 tragoedias
1052 1077 1079 1131 in

130 1160 305 1217 emendatum
321 1161 458 1234 exemplar
473 1169 501 1216 et
512 1159 622 1234 publico
641 1160 701 1215 usui
714 1160 879 1215 destinatum
892 1159 1079 1233 transcripsis-

131 1252 177 1300 set
192 1240 259 1318 quin
274 1244 432 1301 sublaturus
448 1244 532 1301 luerit
552 1244 597 1301 uel
613 1245 760 1301 resecando
776 1244 820 1300 uel
836 1244 962 1319 augendo
978 1243 1080 1300 oratio·

130 1346 195 1386 nem
210 1331 319 1385 minime
340 1329 518 1386 dubitandum
540 1328 714 1385 arbitramur.
749 1328 808 1395 Quo
826 1336 914 1384 tannen
936 1332 964 1384 in
979 1345 1080 1403 genere

131 1430 197 1469 num
220 1414 247 1469 in
263 1414 395 1485 eligendis
411 1413 535 1469 uersibus
552 1416 708 1487 quiessent
730 1413 873 1469 damnandi
890 1412 970 1469 nobis
992 1416 1080 1469 conti·

131 1499 207 1573 gerit
232 1506 263 1554 ut
286 1516 383 1555 uerum
408 1514 516 1572 semper
544 1499 744 1560 inueniremns,
772 1498 949 1553 uehementer
974 1496 1080 1554 dubita·

131 1600 202 1639 mus.
238 1582 297 1645 Sic,
321 1591 353 1639 ut
373 1583 498 1657 exemplo
513 1590 634 1645 utamur,
658 1582 772 1639 dubium
792 1598 873 1655 quam
888 1582 1002 1638 maxime
1020 1590 1080 1638 erat

129 1668 154 1724 Η
176 1667 312 1725 ene-8
340 1684 371 1724 ex
394 1667 482 1723 tribus
503 1667 630 1723 uersibus
652 1669 715 1741 quis
734 1666 910 1741 potissimum
937 1675 1010 1722 esset
1031 1666 1079 1722 de·

129 1751 238 1809 leudus.

196 1836 293 1893 Redire
309 1844 452 1909 utramque
468 1836 654 1893 recensionem
674 1837 707 1892 ad
722 1836 810 1909 ipsius
825 1844 924 1908 poetae
939 1837 1079 1908 chirogra-

130 1923 217 1995 phum
234 1921 343 1995 publico
359 1924 423 1978 usui
439 1938 493 1978 non
508 1920 671 1977 destinatum
688 1920 756 1976 satis
771 1919 927 1977 luculenter
937 1927 1079 1993 praeterea

131 2005 283 2063 ostendunt
303 2004 398 2080 Oedipi
420 2005 559 2062 cuiusdam
579 2012 608 2061 et
628 2005 840 2062 Phoenissarum
861 2005 907 2060 illa
927 2004 1080 2078 fragmenta

130 2092 159 2147 in
177 2090 302 2147 omnibus
317 2089 396 2145 libris
410 2090 605 2163 manuscriptis
627 2092 656 2145 in
674 2106 758 2146 unum
772 2088 961 2161 conglutinata
983 2087 1029 2161 (cl.
1047 2089 1079 2143 de

131 2174 234 2232 Seneca
251 2183 320 2247 trag.
337 2182 409 2231 arict.
425 2193 451 2249 p.
469 2172 619 2246 20-22),
636 2191 720 2247 quae,
736 2174 761 2230 si
777 2174 933 2247 tragoedias
948 2190 1013 2230 suas
1029 2190 1080 2247 pu·

130 2259 197 2316 blici
212 2260 281 2315 iuris
296 2259 421 2322 iecisset,
442 2276 498 2316 non
519 2259 657 2315 editurum
672 2258 762 2315 sedin
778 2258 885 2315 schedis
907 2266 1079 2314 retenturum

31 2346 32 2375 ³
131 2344 218 2400 luisse
244 2345 430 2400 existimamus
450 2351 567 2418 poetam.
612 2342 705 2416 Neque
727 2342 817 2399 minus
838 2344 905 2399 baec
930 2350 1026 2399 nostra
1046 2342 1079 2396 de

31 2478 32 2499 p
131 2428 315 2503 pugillaribus
330 2429 452 2485 auctoris
467 2427 603 2485 sententia
618 2427 773 2485 confirmari
794 2428 904 2483 uidetur
925 2428 1079 2501 anapaestis

120 2512 234 2584 'quibus
248 2514 394 2569 Actaeonis
414 2512 506 2569 fabula
526 2520 654 2569 narratur
675 2512 696 2568 0
713 2511 893 2574 tta-884,
915 2529 1031 2585 prorsus
1052 2517 1080 2566 et

131 2594 168 2651 ab
192 2596 238 2652 illo
259 2596 319 2653 loco
341 2594 404 2653 eta
427 2606 485 2654 tota
506 2596 596 2653 labula
616 2596 712 2653 alienis
732 2595 784 2669 (ci.
805 2597 942 2652 obseruat.
966 2598 993 2651 in
1015 2594 1078 2650 Sen.

31 2706 32 2711 ¹
132 2690 203 2755 trag.
220 2679 265 2735 lib.
281 2699 307 2754 p.
325 2682 364 2739 36
381 2680 425 2749 sl.

195 2764 313 2821 Schedas
334 2766 452 2839 denique
479 2766 598 2821 auctoris
620 2764 804 2838 perlongum
827 2772 935 2835 tempus
961 2765 1078 2819 circum·

129 2850 200 2907 latas
221 2857 304 2923 atque
327 2850 505 2923 transcriptas
526 2866 601 2911 esse,
632 2852 655 2904 si
677 2850 738 2922 quis
760 2849 889 2909 miratur,
919 2849 943 2903 is
965 2847 1079 2904 Suetoni

129 2934 287 2990 consideret
309 2934 408 2997 uerba,
439 2936 486 3007 qui
507 2934 540 2989 de
560 2934 667 2990 Nerone
688 2949 772 3005 agens
793 2932 860 2989 baec
880 2932 962 2989 tradit
983 2931 1016 3004 (c.
1038 2930 1078 2988 52

130 3037 158 3093 p.
173 3018 244 3080 196,
261 3018 301 3075 36
313 3018 356 3089 iil:
381 3019 492 3092 „itaque
508 3018 541 3075 ad
556 3020 692 3092 poeticam
707 3034 812 3091 pronus
828 3016 1080 3074 carmina‘libenter

200 3183 227 3249 *)
250 3183 423 3249 Tragoedias
439 3184 565 3233 ultimam
584 3186 684 3247 poetae
702 3196 812 3231 manum
829 3196 926 3245 passas
943 3197 997 3231 non
1016 3195 1078 3230 esse

127 3253 186 3303 iam
199 3252 308 3302 censuit
321 3252 353 3303 G.
363 3252 540 3301 Hermannus
558 3247 604 3313 (el.
618 3249 692 3302 doct.
704 3253 783 3300 metr.
797 3250 878 3312 pest
892 3248 1077 3313 „praesertim

127 3322 154 3370 si
172 3334 270 3370 uerum
287 3323 329 3369 est
346 3319 419 3383 quod
436 3319 571 3383 suspicor,
597 3333 660 3367 non
678 3332 753 3367 esse
771 3316 821 3365 eis
840 3316 991 3366 ultimam
1010 3329 1078 3363 ma-

128 3402 206 3440 num
222 3386 441 3451 impositam“
461 3386 496 3436 cf.
509 3386 565 3437 ibd.
579 3401 605 3449 p.
618 3386 668 3435 431
687 3399 773 3447 „curn
789 3410 823 3419 -
840 3398 878 3433 ne
897 3383 1080 3447 perfectae

129 3454 265 3519 quidem
283 3458 316 3503 et
333 3454 470 3519 penitus
489 3452 663 3518 expolitae
683 3450 783 3514 sint“).
