2550 3917
536 153 716 203 THYES'I’ES

176 301 292 362 nntauit
307 299 384 367 aula,
401 295 489 357 dubia
505 314 564 375 quo
580 294 698 373 pondus
713 291 798 352 daret

177 404 210 445 ac
225 384 383 445 fluctuanti
398 381 508 443 similis
536 400 552 441 e
567 378 655 439 laeuo
669 377 800 444 aethere,

177 480 275 530 atrurn
291 469 426 529 cucurrit
439 466 562 526 limitem
577 462 659 524 sidus
673 461 805 523 trahens.

143 564 166 621 e'
221 553 323 615 Libata
339 554 369 612 in
385 553 470 630 ignes
485 552 553 611 uina
569 554 681 609 mutato
696 546 793 605 lluunt

178 647 301 699 cruenta
317 637 441 698 baccho.
467 638 582 713 regium
598 633 686 711 capiti
702 631 794 692 decus

179 723 224 783 bis
239 733 346 803 terque
360 721 478 801 lapsum
494 728 548 781 est.
576 719 661 779 lleuit
674 718 706 776 in
721 715 839 794 templis
854 715 941 777 ebur.

178 826 302 869 mouere
318 815 440 867 cunctos
455 812 604 873 monstra.
621 802 672 863 sed
689 800 769 862 solus
784 799 840 860 sibi

178 894 310 953 inmotus
325 894 433 953 Atreus
448 897 563 951 constat
578 898 668 963 atque
683 885 762 946 ultro
777 884 849 946 deos

178 985 275 1038 terret
289 978 446 1037 minantes.
473 977 591 1054 iamque
607 972 729 1033 dimissa
745 988 827 1031 mora

179 1060 292 1123 adsistit
306 1063 366 1122 aris
380 1069 499 1123 tornum
515 1066 545 1119 et
559 1056 711 1136 obliquum
726 1058 854 1118 intuens.

151 1164 165 1211 f
224 1146 324 1207 leiuna
340 1144 423 1206 siluis
438 1144 560 1224 qualis
575 1144 603 1202 in
620 1142 784 1221 gangeticis

178 1232 260 1291 inter
274 1232 416 1291 iuuencos
431 1230 515 1308 tigris
530 1229 643 1289 errauit
658 1226 741 1295 duos,

180 1316 335 1395 utriusque
350 1314 478 1393 praedae
494 1312 598 1391 cupida
616 1310 685 1391 (quo
700 1313 830 1390 primum
845 1312 922 1373 ferat

179 1400 292 1460 incerta
308 1417 426 1460 morsus
440 1398 533 1459 flectit
547 1397 607 1457 huc
621 1400 714 1457 rictus
729 1416 800 1458 suos
844 1396 847 1399 ’

179 1482 230 1544 illo
245 1484 371 1545 reflectit
386 1492 416 1543 et
431 1482 539 1543 tamem
555 1481 674 1542 dubiam
690 1482 791 1560 tenet),

141 1577 167 1634 f'
223 1569 283 1629 Sic
297 1569 381 1629 dirus
395 1572 502 1629 Atreus
518 1568 612 1646 capita
629 1565 736 1626 deuota
751 1567 850 1645 inpiae
897 1583 909 1619 .’

179 1653 349 1730 speculatur
364 1654 437 1714 irae.
464 1670 553 1730 quem
568 1652 651 1729 prius
666 1658 775 1711 mactet
789 1649 853 1721 sibi,

180 1737 309 1807 dubitat,
328 1736 459 1799 secunda
474 1735 581 1797 deinde
595 1753 684 1814 quem
700 1736 790 1797 caede
804 1734 936 1797 inmolet.

179 1839 236 1883 nec
253 1824 385 1891 interest,
401 1821 453 1883 sed
469 1820 584 1882 dubitat
600 1830 629 1881 et
644 1838 768 1881 saeuum
784 1820 881 1881 scelus

179 1908 262 1969 iuuat
276 1907 426 1967 ordinare.
666 1957 670 1963 .

180 2006 284 2054 cnon.
440 2008 528 2070 quem
543 1997 643 2050 tamen
658 1988 745 2050 lerro·
755 1992 899 2068 occupat?

145 2099 164 2147 g
222 2090 329 2136 nvur.
352 2076 470 2135 Primus
484 2074 569 2135 locus
585 2074 633 2152 (ne
649 2074 752 2136 deesse
767 2076 907 2153 pietatem
922 2076 1018 2155 putes)

180 2179 236 2222 auo
253 2161 383 2230 dicatur,
400 2158 540 2220 Tantalus
556 2160 651 2236 prima
667 2159 762 2219 hostia
778 2169 831 2221 est.

179 2258 284 2307 onon.
308 2263 366 2323 quo
382 2242 497 2304 iuuenis
513 2244 623 2314 animo,
640 2261 700 2322 qno
714 2243 781 2305 tulit
795 2245 878 2304 uultu
893 2246 1018 2306 neceml

144 2336 163 2385 h
222 2343 326 2390 uvun.
350 2329 434 2389 Stetit
448 2330 493 2389 sui
508 2346 632 2389 securus
649 2335 679 2389 et
692 2346 753 2388 non
768 2340 812 2390 est
825 2347 932 2407 preces
1113 2335 1164 2383 tto

180 2416 279 2493 perire
295 2416 390 2475 inusta
406 2430 521 2490 passus.
556 2420 601 2473 ast
615 2411 657 2471 illi
673 2414 754 2474 lorus

179 2503 207 2559 in
223 2500 348 2559 uulnere
365 2516 465 2559 ensem
481 2496 636 2558 abscondit
651 2506 681 2559 et
696 2499 812 2577 penitus
827 2516 967 2578 premens

179 2584 279 2662 iugulo
295 2600 416 2643 manum
433 2583 588 2643 commisit.
616 2582 723 2641 educto
737 2585 817 2645 stetit
876 2636 881 2644 .

178 2669 260 2729 ierro
275 2666 403 2728 cadauer
420 2684 546 2745 cumque
562 2664 725 2727 dubitasset
739 2668 790 2728 diu

179 2754 233 2813 hac
248 2760 333 2831 parte
348 2769 385 2812 an
400 2750 448 2811 illa
465 2751 592 2819 caderet,
608 2752 638 2809 in
655 2759 793 2829 patruum
808 2753 897 2814 cadit.
1110 2756 1161 2805 725

144 2834 171 2914 h{
223 2838 310 2897 Tunc
325 2836 374 2896 ille
391 2836 426 2896 ad
444 2853 510 2896 aras
526 2834 707 2896 Plisthenem
722 2855 830 2897 saeuus
843 2836 935 2897 trahit

178 2922 323 3001 adicitque
341 2921 435 2989 fratri,
454 2919 528 2981 colla
543 2937 685 2999 percussa
702 2930 845 3000 amputat,

179 3040 380 3051 ...—.-—.——

244 3109 295 3158 704
313 3106 380 3157 deas
400 3123 419 3156 α
442 3106 507 3175 deos
525 3114 568 3170 ψε
590 3102 603 3173 fl
626 3108 676 3157 706
695 3106 808 3157 assiluit
825 3108 850 3157 Α
874 3105 986 3156 00010010
1003 3106 1053 3172 Ep
1069 3104 1082 3173 ΙΙ

177 3176 226 3225 709
243 3177 345 3240 primos
365 3190 383 3224 ot
404 3174 521 3239 primum
538 3174 588 3238 Εψ
611 3171 623 3239 ll
647 3177 696 3224 710
713 3174 766 3225 hoc
783 3174 809 3223 Ε
826 3175 918 3224 hucA
941 3170 953 3239 ΙΙ
977 3176 1093 3223 71200-

177 3258 222 3291 rus
247 3243 297 3292 ER
331 3242 407 3292 dirus
425 3242 450 3291 A
487 3238 499 3307 ΙΙ
534 3243 583 3291 713
607 3242 767 3305 speculator
784 3243 833 3291 En
856 3241 893 3305 (in
914 3242 938 3291 R
959 3258 1092 3305 suprascr.

178 3310 212 3359 al'
226 3312 280 3371 tur)
300 3309 462 3375 speculatur
479 3310 505 3359 Α
527 3304 540 3375 l]
564 3314 670 3359 mactet
687 3312 782 3375 stygi
799 3312 832 3361 ei.
846 3311 923 3360 NHs.
946 3305 958 3373 ΙΙ
981 3312 1032 3360 714
1049 3327 1092 3361 se-

178 3377 293 3427 cundam
312 3378 337 3426 E
360 3376 482 3438 secunda
500 3378 526 3427 A
551 3372 563 3442 ll
587 3379 636 3428 715
654 3380 763 3427 tantum
781 3378 827 3441 (al'
841 3380 1037 3431 assentiremur.
1050 3378 1086 3441 R)

177 3445 264 3496 scelus
283 3448 309 3496 A
337 3460 451 3495 saeuum
470 3460 508 3494 sc.
529 3444 554 3493 E
583 3440 595 3509 ll
