2550 3917
247 197 304 245 1111
616 190 816 239 PRAEFATIO

233 384 270 397 -
295 370 364 428 quae
385 368 430 408 res
447 369 507 409 cunr
531 354 645 407 maxime
661 368 757 407 eorum
775 347 899 424 opinioni
922 348 1077 421 refragatur
1098 350 1123 404 si
1148 350 1200 421 qui

231 441 416 496 recentiorum
441 436 575 493 librorum
604 436 710 510 copiam
738 434 920 491 ellorentiuo
949 433 1103 489 deriuatam
1133 449 1201 491 esse

232 531 330 599 putant
361 544 414 578 -:
446 538 502 578 non
529 520 618 578 solutu
645 519 799 577 fabularum
827 535 917 591 neque
944 518 1011 574 ordo
1035 511 1129 591 neque
1154 518 1201 573 in·

231 610 397 683 scriptiones
419 606 536 663 Etrusco
564 607 732 662 conueniunt
752 621 823 660 cum
849 602 951 659 ceteris
976 601 1071 665 libris,
1097 619 1201 658 uerum

232 696 316 750 etiam
339 694 491 765 scripturae
508 692 646 747 sexcentis
662 689 730 746 locis
747 697 824 745 tento
849 703 934 761 opere
954 689 1027 743 inter
1043 703 1072 741 se
1093 687 1202 743 discre-

233 776 356 852 pant*),
385 786 416 832 ut
438 776 470 851 ad
494 776 561 831 duas
584 774 709 831 diuersas
732 773 907 830 recensiones
929 789 985 828 non
1009 772 1118 845 possint
1141 789 1200 829 uon

232 861 344 917 reterri.

296 946 391 1019 Neque
408 945 497 1018 magis
513 944 643 1018 proiecto
661 950 703 999 est
720 943 794 1015 quod
811 943 844 998 de
859 942 1006 1015 utriusque
1022 941 1200 997 recensionis

231 1038 372 1087 uetustate
404 1030 570 1085 dubitemus.
616 1030 807 1084 Tbuauearum
830 1026 1048 1083 membranarum
1077 1032 1201 1081 aetatem

234 1115 344 1171 saeculo
367 1114 402 1169 X⁰
433 1116 653 1187 conscriptarum
675 1120 788 1186 superat
811 1112 897 1167 multo
922 1114 946 1166 is
969 1110 1040 1166 uude
1063 1110 1200 1167 Etruscus

233 1202 418 1273 transcriptus
451 1207 493 1254 est
514 1198 584 1254 liber
607 1200 654 1270 qui
678 1196 832 1253 uncialibus
852 1196 942 1252 literis
971 1204 1096 1250 exaratus
1126 1204 1200 1252 erat.

235 1284 260 1339 Α
285 1300 353 1340 uero
376 1282 547 1340 recensionis
569 1289 736 1338 uetustatem
757 1288 895 1337 testantur
909 1280 975 1337 lolia
995 1280 1041 1335 illa
1062 1283 1201 1354 rescripta

235 1368 426 1432 ambrosiana,
444 1384 513 1441 quae
529 1375 592 1423 ante
608 1384 655 1424 vir
670 1366 716 1422 uel
731 1382 765 1424 vt
781 1365 920 1425 saeculum
936 1365 1039 1439 scripta
1056 1380 1117 1421 esse
1130 1383 1202 1439 pro·

236 1450 328 1511 babile
352 1461 402 1509 cst.
437 1453 501 1509 Nam
530 1451 647 1527 plautini
669 1451 772 1507 codicis
794 1452 930 1525 scriptura
958 1449 1074 1523 pristina
1095 1452 1202 1507 saeculi

237 1538 329 1613 quinti
346 1539 465 1594 fortasse
482 1538 588 1611 quarti,
604 1537 758 1610 posterior,
775 1552 829 1609 qua
844 1536 948 1591 ueteris
965 1536 1120 1591 testamenti
1138 1538 1202 1609 qui-

239 1624 300 1680 dam
312 1622 376 1680 libri
393 1625 495 1679 exarati
510 1629 583 1683 sunt,
599 1623 666 1676 noni
682 1627 725 1677 est
740 1618 864 1691 (liitschl.
877 1618 947 1693 prol.
960 1620 1074 1675 ad'lrin.
1084 1620 1201 1693 p.Vlll),

239 1707 314 1764 unde
332 1707 450 1763 Senecae
471 1706 538 1761 solia
554 1722 610 1760 non
627 1712 692 1777 post
707 1713 835 1761 octauum
856 1704 995 1767 saeculum
1011 1706 1115 1777 scripta
1136 1722 1202 1760 esse

243 1799 332 1866 patet,
354 1791 464 1847 saeculo
481 1806 547 1846 uero
564 1787 651 1845 multo
673 1790 758 1862 priori
780 1789 904 1845 codicem
926 1788 959 1844 ad
975 1806 1056 1861 quem
1076 1790 1202 1862 pertine-

237 1877 304 1932 bant
325 1884 355 1931 ut
378 1874 544 1936 tribuamus,
568 1874 644 1947 cogit
665 1876 802 1948 scriptura
825 1874 886 1929 eius
909 1874 1039 1929 continua
1059 1881 1086 1929 et
1107 1872 1202 1930 literis

236 1961 390 2016 uncialibus
415 1976 554 2032 expresso.
585 1958 698 2017 Accedit
712 1958 878 2015 lactanti
899 1953 1087 2013 testimonium
1110 1960 1203 2031 quod·

140 2118 143 2125 Ι
238 2046 299 2101 dam
321 2047 452 2101 stationae
473 2042 608 2099 thebaidis
638 2045 815 2117 interpretis.
844 2060 924 2115 quem
945 2059 1001 2097 non
1023 2042 1110 2099 multo
1133 2054 1203 2115 post

239 2130 366 2185 Seruium
382 2128 468 2183 luisse
485 2128 566 2184 hodie
582 2135 693 2201 recepta
709 2136 752 2185 est
767 2128 871 2201 opinio.
902 2128 928 2182 ls
944 2127 1015 2182 enim
1032 2144 1093 2183 cum
1110 2128 1203 2202 'l'bye-

239 2216 289 2269 stis
305 2231 350 2269 uu.
369 2212 537 2269 342-352
554 2212 679 2268 ‘afferens
695 2230 723 2270 u.
741 2212 802 2270 347
823 2229 885 2267 cum
900 2213 924 2267 Α
946 2219 1057 2267 tueatur
1079 2212 1203 2285 scriptu-

237 2315 296 2354 ram
315 2296 454 2359 ‚,trabes⁴‘,
471 2314 526 2352 non
544 2296 657 2359 ,‚icres⁴‘
675 2299 747 2370 quod
763 2298 790 2359 in
808 2298 836 2352 Ε
850 2295 960 2369 legitur,
979 2296 1086 2369 uolgari
1101 2313 1203 2353 receu-

242 2385 320 2439 sicnc
337 2399 367 2437 se
384 2398 463 2437 usum
479 2397 539 2438 esse
556 2382 658 2455 prodit.
904 2387 906 2391 ’

304 2467 337 2522 Vt
360 2483 428 2522 uero
458 2466 603 2539 utriusque
629 2468 739 2539 generis
762 2466 838 2529 libri,
868 2481 1030 2539 quamquam
1051 2466 1079 2518 in
1104 2466 1203 2522 multis

240 2568 273 2607 ac
294 2552 462 2623 gravissimis
486 2551 568 2606 rebus
596 2552 670 2606 inter
690 2568 720 2607 se
741 2549 885 2613 differunt,
914 2558 1003 2606 tamen
1028 2556 1070 2603 tot
1090 2556 1203 2606 tantos-

241 2652 296 2708 que
313 2651 422 2691 errores
439 2651 596 2691 communes
613 2635 728 2696 habeut,
750 2642 781 2690 ut
795 2635 833 2690 ad
857 2651 958 2691 unum
981 2633 1203 2707 eundemque

243 2736 360 2776 omnes
383 2718 499 2775 redire
521 2718 746 2792 archetypum
768 2719 944 2774 manifestum
966 2718 1014 2773 sit:
1037 2718 1075 2773 ita
1097 2727 1124 2773 et
1146 2719 1203 2773 dil·

242 2804 367 2861 ferentiis
384 2811 412 2860 et
427 2802 567 2876 inquibus
584 2805 760 2861 consentiunt
776 2801 945 2876 corruptelis
961 2818 1059 2873 magna
1076 2811 1203 2876 exparte

243 2899 299 2944 tam
322 2888 470 2961 singularis
493 2895 536 2943 est
550 2888 676 2944 condicio
698 2893 725 2943 et
746 2895 858 2948 natura,
882 2894 912 2940 ut
934 2902 1023 2959 neque
1046 2886 1108 2942 illae
1129 2905 1203 2960 quo·

245 2972 326 3027 modo
342 2973 416 3028 nasci
432 2974 574 3044 potuerint
587 2972 707 3046 perspici
722 2987 811 3045 neque
826 2972 877 3025 hae
893 2970 1032 3026 emendari
1049 2971 1116 3027 satis
1131 2988 1201 3045 pro-

244 3055 373 3113 babiliter
398 3064 499 3129 queant
524 3056 578 3111 nisi
604 3073 641 3111 ex
669 3058 746 3130 ipso
774 3064 901 3129 poetae
929 3055 1118 3129 exemplari
1142 3074 1202 3113 non

245 3141 388 3197 emendato
410 3139 458 3195 illo
480 3148 508 3195 et
530 3140 682 3215 perpolito,
709 3141 758 3197 scd
779 3142 846 3206 satis
869 3140 1044 3214 inconposito
1067 3141 1202 3196 festinau-

317 3354 345 3421 *)
368 3357 496 3421 exempla
519 3356 635 3420 quaeuis
657 3356 762 3421 pagina
781 3356 953 3422 suppeditut3
978 3354 1100 3405 sufficiet
1118 3358 1201 3419 quasi

249 3422 336 3487 digito
350 3428 519 3475 monstrasse
532 3424 609 3474 locos
623 3422 721 3486 quales
733 3428 797 3473 sunt
813 3426 842 3472 in
854 3423 976 3473 Hercule
990 3439 1016 3475 u.
1031 3425 1064 3474 36
1076 3438 1134 3489 sqq.
1149 3428 1200 3475 627

249 3491 299 3541 675
314 3492 388 3545 1311.
413 3493 526 3543 uberius
538 3491 592 3542 hec
603 3490 639 3541 de
652 3506 682 3541 re
694 3490 769 3541 infra
783 3492 991 3557 disputabimus.
