2550 3917
183 196 236 245 x11
395 216 397 222 .
557 192 756 239 PRAEFATIO

186 357 261 429 pium
278 360 351 411 estat
366 360 393 408 et
409 353 554 426 quominus
570 352 695 408 ultimum
711 351 802 407 locum
818 368 876 408 eam
891 368 942 425 per
961 350 1130 423 aliquantum

185 448 294 512 tempus
310 437 462 493 obtinuisse
475 445 601 510 putemus
613 435 762 509 prohibent
773 436 868 491 damna
883 437 1054 510 grauissima,
1071 439 1131 509 qui·

186 524 237 580 bus
253 522 381 578 Hercules
397 538 422 577 11
437 538 502 594 prae
519 522 617 577 ceteris
635 520 733 578 tabulis
748 520 843 577 affecta
857 529 909 577 est.

249 608 302 663 lam
314 624 382 663 uero
398 606 435 661 dc
447 605 615 661 Octauiae
632 602 771 679 origine
787 599 973 679 quaestionem
985 606 1132 662 instituen-

188 693 258 749 tibus
275 694 391 765 primurn
408 688 554 746 refellenda
569 698 612 746 est
624 708 704 764 quam
720 707 808 765 nuper
822 690 939 764 protulit
955 690 1131 747 WBraunius

186 776 246 849 (die
269 776 411 849 tragoedia
426 774 534 831 Octavia
556 775 610 831 und
630 776 675 831 die
696 777 750 831 neit
771 777 845 832 ihrer
864 776 1041 847 entstelauug.
1070 774 1132 830 illel

187 860 280 932 1863)
301 861 404 934 opinio.
425 893 429 899 ·
450 858 502 927 Qui
524 876 585 915 cum
606 860 724 933 probare
744 861 868 917 studeret
889 860 1028 916 Octauiam
1049 859 1132 915 medii

135 953 137 955 ’
187 946 260 1020 quod
275 952 390 1001 uocatur
404 946 464 1000 aeui
476 944 561 1000 letum
577 961 646 1009 esse,
663 948 826 1019 grauissima
837 945 937 1019 quibus
950 946 1010 1000 eius
1021 952 1133 1017 tragoe-

186 1031 245 1087 diae
262 1037 351 1085 tentus
368 1029 484 1085 inlectus
500 1037 543 1085 est
558 1030 649 1086 ulcera
665 1032 802 1103 quomodo
820 1031 893 1085 intra
907 1032 989 1086 unius
1004 1029 1048 1085 uel
1063 1029 1133 1084 duo·

186 1131 246 1171 rum
259 1112 431 1171 saeculorum
444 1116 562 1187 spatium
579 1116 644 1171 oriri
657 1117 799 1188 potuerint
813 1116 1001 1170 demonstrare
1016 1130 1132 1187 prorsus

186 1198 341 1274 supersedit
357 1197 402 1270 (ci.
415 1198 486 1254 inira
498 1216 524 1272 p.
532 1216 588 1255 xxt
603 1208 630 1255 et
641 1199 808 1255 Fleckeiseni
820 1217 881 1255 ann.
893 1198 959 1272 phil.
975 1198 1055 1255 1867
1069 1199 1132 1253 ‘zur

187 1284 262 1357 uage
277 1283 362 1339 ueber
377 1283 428 1338 den
444 1288 585 1357 ursprung
600 1284 647 1339 der
662 1284 802 1357 tragoedis
817 1281 959 1354 Octavia').
983 1284 1069 1338 Porro
1084 1299 1132 1337 ne·

186 1384 239 1441 que
254 1376 316 1423 autc
329 1367 460 1423 Albertiui
472 1368 593 1429 llussati,
610 1370 657 1441 qui
673 1384 906 1425 a.sacocxxv1111
920 1368 966 1423 uel
980 1386 1044 1423 xxx
1057 1385 1131 1423 mnr-

188 1462 242 1508 tem
264 1452 347 1515 obiit,
370 1460 485 1508 aetatem
501 1454 645 1525 quisquam
668 1461 728 1510 erat
743 1455 790 1527 qui
811 1452 961 1508 scribendis
981 1452 1132 1525 tragoediis

188 1553 298 1609 operam
314 1534 516 1610 inpenderet*)‚
533 1536 704 1594 etllussatus
716 1540 775 1611 ipse
788 1554 868 1611 quern
879 1554 940 1593 cum
948 1536 1132 1593 Nicolaolre·

187 1622 269 1677 uctho
291 1620 574 1693 (†n.ueeoxxv111)
596 1622 685 1678 studia
707 1624 803 1694 tragici
820 1624 999 1678 resuscitasse
1014 1629 1133 1685 constat,

80 1768 82 1773 ,
187 1705 327 1762 Octauiam
339 1707 392 1762 hau
404 1706 485 1761 dubie
497 1707 584 1761 uouit.
611 1706 651 1761 Ad
662 1707 755 1779 priora
771 1707 857 1777 igitur
872 1705 979 1763 saecula
993 1706 1088 1762 reiecti
1105 1714 1133 1762 et

188 1792 320 1862 temporis
338 1788 435 1845 indicia
450 1790 703 1862 circumspicientes
718 1791 886 1847 Boetiana
907 1792 1030 1847 uidemus
1046 1797 1133 1847 metra

187 1876 214 1929 in
230 1873 323 1929 multis
341 1872 439 1929 similia
453 1889 514 1929 esse
530 1877 684 1947 anapaestis
698 1876 834 1933 Octauiae.
870 1875 1019 1932 Subtilinrc
1041 1884 1133 1932 autem

188 1957 384 2030 conparatione
400 1959 539 2020 instituta,
555 1959 636 2014 huius
653 1960 759 2017 fabulae
774 1969 949 2035 anapaestos,
971 1977 1133 2034 quamquam

188 2060 247 2099 cum
260 2042 346 2098 multo
360 2043 462 2098 maiore
477 2042 585 2101 licentia
601 2047 738 2119 conpositi
749 2055 814 2102 sunt
827 2063 907 2119 quam
922 2047 1061 2118 anapaesti
1077 2062 1134 2101 non

187 2127 275 2183 solum
291 2126 408 2183 Senecae
425 2128 626 2199 tragoediarum
642 2131 688 2186 sed
704 2134 785 2186 etiam
797 2130 1008 2203 Agamemnonis
1023 2137 1052 2184 et
1067 2130 1135 2184 ller-

187 2209 257 2269 oulis
274 2210 386 2266 alterius
402 2210 447 2283 (cl.
464 2212 496 2268 de
509 2212 569 2269 Sen.
588 2222 657 2288 trag.
674 2224 745 2271 auct.
762 2233 791 2288 p.
804 2213 843 2286 5),
860 2221 950 2268 tamen
965 2214 1134 2271 seueriorem

187 2312 307 2351 normam
325 2305 455 2352 secuntur
465 2297 609 2355 Boettanis.
631 2300 698 2355 Nam
714 2307 744 2354 ut
757 2299 867 2353 Boetius
880 2297 1057 2352 dimetrornm
1069 2315 1134 2355 aua·

185 2372 370 2454 paesticorum
382 2390 486 2454 partem
502 2386 681 2456 posteriorem
697 2384 795 2438 adonio
810 2380 880 2436 ellici
896 2381 977 2436 iussit
988 2382 1016 2435 in
1028 2382 1133 2438 duabus

140 2530 143 2534 ,
187 2466 307 2520 omnium
323 2480 453 2522 uersuum
470 2467 593 2540 partibus
610 2461 686 2543 (²l3),
703 2465 830 2522 Octauiae
845 2472 955 2527 auctor,
972 2481 1007 2519 ne
1022 2464 1134 2521 modum

187 2548 339 2605 inSenccae
356 2552 504 2623 tragoediis
521 2560 659 2607 seruatum
676 2551 813 2615 transiret,
829 2549 927 2605 adonio
943 2551 971 2603 in
983 2550 1063 2605 tertia
1077 2557 1135 2606 tau·

187 2642 244 2688 tum
261 2644 470 2705 anapaestorum
484 2627 635 2709 parte(1s3)
651 2634 743 2689 locum
754 2634 900 2690 concessit.
928 2634 989 2689 Pari
1001 2634 1135 2692 modestia

187 2717 336 2774 Ausonium
358 2718 444 2775 luisse
466 2716 549 2790 (prof.
565 2716 609 2788 vr)
629 2734 685 2773 non
706 2716 803 2774 inutile
824 2726 867 2775 est
880 2720 933 2775 hoc
947 2719 1009 2776 loco
1025 2736 1135 2775 conme-

186 2818 302 2859 morare.
340 2802 413 2869 Quae
434 2818 496 2858 cum
517 2802 553 2857 ita
576 2802 645 2863 siut,
672 2801 764 2875 aliquo
787 2811 866 2858 ante
886 2804 1044 2859 boetium
1066 2811 1134 2861 tem·

186 2904 255 2961 pore
266 2886 403 2941 Octauiam
419 2888 590 2958 conpositam
607 2904 667 2942 esse
680 2886 822 2960 probabile
837 2884 1011 2959 uidetur**).
1038 2888 1134 2963 Neque

254 3013 279 3079 *)
294 3016 330 3064 cf.
343 3016 485 3065 Mehuslus
499 3016 566 3066 Vita
579 3016 672 3067 Ambr.
686 3019 849 3068 Traversari
861 3035 888 3083 p.
902 3017 1036 3072 CLXXII.
1059 3020 1135 3071 Ede-

185 3081 296 3135 lestsnd
318 3082 354 3130 du
369 3081 451 3132 Merit
469 3082 598 3147 Origines
624 3084 660 3135 du
681 3084 792 3135 theatra
813 3088 941 3137 moderna
964 3104 989 3152 p.
1009 3090 1039 3136 ll
1063 3104 1089 3137 u.
1108 3093 1132 3139 3.

187 3152 217 3201 C.
232 3151 264 3201 G.
278 3148 396 3199 Mueller
416 3150 489 3200 Geta
504 3153 646 3203 comoedia
663 3172 689 3219 p.
704 3157 728 3205 9.
753 3156 799 3204 Fr.
813 3156 915 3205 Haasii
926 3155 1041 3205 Miscell.
1054 3155 1134 3221 phill.

186 3219 229 3269 III
241 3236 268 3283 p.
281 3218 322 3266 29.
381 3216 425 3281 **)
437 3219 498 3269 Non
511 3219 610 3271 desunt
623 3223 697 3287 apud
710 3224 835 3274 Boetium
848 3223 903 3273 loci
913 3224 961 3273 ubi
974 3238 1036 3272 cum
1048 3222 1134 3273 Octa-

185 3288 251 3335 uiae
266 3284 291 3334 ei
302 3287 459 3349 conueniat,
474 3302 541 3353 quos
553 3294 647 3341 tamen
661 3307 694 3341 ex
703 3290 757 3341 hec
767 3291 864 3341 fabula
877 3306 938 3341 eum
948 3290 1133 3355 desumpsisse

187 3353 222 3403 ad
234 3352 461 3418 probabilitatem
475 3371 528 3407 non
541 3362 633 3423 potest
647 3360 757 3412 adduci.
776 3358 818 3410 Of.
831 3358 892 3413 Oct,
908 3358 1094 3411 1:30.112.
1107 3362 1132 3408 4.

186 3420 272 3470 0238
286 3420 363 3469 =B.
378 3421 416 3472 IV
429 3426 461 3474 53
480 3424 563 3485 (Med.
576 3427 645 3488 234).
664 3427 750 3478 0959
763 3442 785 3475 s.
798 3426 862 3475 =B
876 3426 904 3475 11
922 3428 945 3475 7.
962 3427 984 3478 l,
1002 3425 1136 3476 0754:

186 3488 208 3537 B
221 3488 246 3536 V
257 3491 282 3538 4.
297 3489 329 3539 35
344 3486 471 3552 (Quintil.
483 3492 557 3557 lei.
569 3494 606 3559 3),
619 3495 642 3544 0
655 3498 706 3547 819
717 3516 752 3540 =
763 3496 785 3543 B
799 3495 838 3545 IV
851 3498 875 3546 8.
888 3494 911 3543 Ο
924 3495 1002 3543 iiis.
1014 3512 1048 3536 =
1060 3494 1082 3542 B
1095 3494 1135 3545 IV
