2550 3917
200 192 267 257 402
589 206 732 253 ruennrr

202 348 354 410 ‘resistite’
370 347 481 423 iuquit:
505 350 582 405 ‘nnn
598 346 682 406 iurur
698 353 825 405 mentem
842 345 976 415 abstulit,

203 433 304 494 iurare
320 433 441 510 grauius
456 431 532 490 istud
550 437 636 509 atque
653 432 695 490 ira
712 428 820 491 malum
837 439 890 491 est.

202 518 232 577 in
249 536 297 577 me
310 521 394 578 iuuat
408 519 549 576 saeuire'
579 518 630 575 uix
646 521 759 592 pestem
776 514 885 576 iudicat

202 611 231 664 et
246 604 354 663 saeuit:
379 608 461 661 artus
476 602 540 678 ipse
556 600 698 661 diiaeerat
713 618 796 661 suos'

202 694 231 747 et
246 685 380 747 membra
396 692 479 746 uasta
496 686 591 762 carpit
605 683 739 745 aueiiens
755 703 860 745 manu:

202 790 312 832 exuere
327 772 453 830 amictus
468 772 594 847 quaerit.
626 770 684 829 hoe
700 769 794 830 solum
811 769 968 831 Herculem
1034 846 1038 851 ι

201 875 261 916 nun
277 873 365 934 pesse
381 855 460 925 uidi,
477 855 597 915 trahere
613 862 736 915 cenatus
751 861 850 914 tamen

201 948 231 1000 et
245 939 379 1000 membra
394 941 498 999 traxit:
523 942 657 1018 corporis
672 939 747 1016 palia
765 939 879 999 horridi

199 1044 270 1103 pars
285 1031 330 1085 est
345 1031 374 1084 et
388 1025 483 1103 ipsam
498 1026 629 1086 uestibus
645 1027 750 1085 miscet
764 1032 871 1085 eutem.
1134 1036 1179 1086 835

200 1128 257 1170 nec
272 1123 360 1170 causa
376 1110 458 1170 dirae
474 1108 564 1169 eladis
580 1110 609 1169 in
629 1108 726 1169 medio
742 1115 838 1187 patet,
1109 1112 1111 1117 '

201 1195 253 1256 sed
270 1212 357 1255 eausa
373 1201 472 1254 tamen
488 1202 541 1254 est.
572 1196 684 1271 uixque
700 1195 850 1255 sufficiens
865 1192 943 1252 maio

199 1298 280 1341 nune
296 1297 348 1340 ure
363 1287 474 1339 terram
490 1278 649 1356 languidus
664 1296 759 1356 pruno
775 1279 899 1355 premit,

198 1384 279 1425 nunc
295 1365 392 1441 poscit
408 1363 516 1431 undas,
532 1364 612 1424 unda
628 1380 686 1422 non
703 1365 794 1423 uincit
809 1362 927 1422 maium.

198 1450 354 1509 ssuetisnna
371 1450 486 1525 quaerit
500 1447 586 1509 iitnra
604 1456 633 1508 et
648 1455 769 1525 pentum
786 1454 925 1525 neeupat:
998 1459 1176 1503 r.cxxxxvm

199 1532 353 1594 famularis
368 1532 449 1592 ilium
466 1534 574 1594 retinet
589 1539 738 1593 errantem
756 1550 870 1603 manus.
1132 1544 1175 1592 841

198 1625 329 1677 DEJAN.
346 1636 364 1677 ο
380 1625 491 1677 sortem
508 1618 656 1677 acerbam.
686 1620 796 1677 fuimus
811 1616 929 1677 Alcidae
944 1634 1041 1694 parea.

198 1710 293 1762 ΗΠ.
309 1720 389 1770 nune¹
404 1702 512 1781 puppis
527 1702 608 1763 iilum
624 1701 711 1762 litore
727 1700 850 1763 euboico
866 1702 959 1761 refert

198 1793 358 1863 austerque
372 1785 447 1847 lenis
461 1788 578 1864 pondus
593 1786 766 1847 herculeum
782 1787 869 1864 rapit.
948 1863 952 1870 .

197 1885 319 1932 Durum
337 1871 467 1931 destituit
482 1874 597 1933 animus
613 1870 756 1940 membra,
775 1888 831 1929 nor
849 1870 950 1931 oculus
965 1872 1082 1949 premit,
1132 1882 1178 1932 845

198 1956 268 2034 quid
284 1957 382 2015 anime
398 1957 514 2016 cessas?
538 1957 605 2034 quid
622 1956 743 2034 stupes?
765 1956 874 2015 iactum
892 1962 937 2016 est
951 1955 1058 2016 scelus

196 2047 299 2101 natum
315 2041 445 2119 reposcit
460 2040 593 2120 iuppiter
608 2040 681 2100 iuno
697 2038 863 2109 aemulum,

145 2186 148 2190 ,
197 2124 369 2185 reddendus
384 2124 449 2184 orbi
466 2134 520 2186 est.
550 2126 629 2204 qued
646 2133 730 2203 potes
744 2124 836 2184 redde
853 2124 974 2193 exhibe,

197 2218 245 2269 eat
259 2226 313 2287 per
331 2216 413 2270 artus
429 2209 508 2270 ensis
523 2218 644 2271 exactus
660 2228 751 2269 meus,

197 2296 238 2354 sic
254 2296 295 2353 sie
310 2294 457 2371 agendum
474 2302 527 2354 est.
544 2330 586 2341 -
604 2303 662 2354 tam
679 2292 753 2353 leuis
767 2310 878 2371 peenas
895 2311 999 2353 manus
1131 2304 1178 2353 850

197 2382 285 2438 tantis
300 2379 448 2455 reposcit?
471 2380 562 2439 redde
577 2378 750 2439 fulminibus
767 2394 874 2454 precor

198 2480 304 2522 nurum
321 2463 485 2523 scelestam.
517 2482 574 2524 nee
589 2464 650 2524 leui
665 2462 725 2522 teia
741 2480 846 2522 manus

196 2614 369 2677 (membrum)
388 2614 476 2665 multo
493 2616 609 2665 uulnere
628 2616 798 2665 ambesum
814 2615 936 2677 undique
956 2612 1005 2677 (sie
1016 2616 1042 2665 A
1056 2616 1112 2664 eb-

196 2688 325 2747 ruptum
339 2683 377 2747 E)
389 2678 401 2749 ΙΙ
412 2686 462 2734 887
481 2684 616 2733 Desistite
635 2680 681 2748 ΕΗ
693 2684 743 2733 828
762 2684 851 2731 ira'st
868 2682 967 2731 malum
987 2684 1086 2733 Detrio.
1104 2679 1113 2747 b

194 2752 244 2800 831
263 2751 358 2815 capita
375 2750 483 2801 uellens
501 2750 527 2799 E
544 2750 810 2815 carpitauellensA
823 2745 897 2815 [1835
914 2750 1015 2799 Parum
1034 2751 1112 2799 esth)

194 2819 264 2868 Pars
275 2823 317 2867 est
326 2819 351 2867 A
364 2815 376 2883 Η
387 2819 477 2883 ipsam
487 2818 513 2866 E
516 2821 552 2882 p?
563 2820 627 2883 ipsa
637 2819 662 2867 A
675 2814 687 2883 Η
699 2819 785 2867 uestis
795 2818 962 2868 immiscetur
975 2818 1112 2868 uestibus

193 2886 293 2936 miscet
314 2888 411 2950 scripsi
431 2882 444 2951 ΙΙ
466 2886 516 2936 887
540 2886 589 2935 sed
613 2900 700 2935 eausa
722 2889 815 2935 tento
841 2890 883 2935 est
906 2886 1013 2949 uisque
1036 2901 1057 2935 s.
1076 2902 1111 2935 m.

111 2996 115 3008 ,
193 2954 270 3003 NHs.
297 2954 403 3018 uisque
422 2960 449 3004 et
468 2954 546 3003 Gran.
567 2956 598 3003 ei.
622 2950 635 3020 ΙΙ
657 2954 707 3005 838
725 2954 825 3017 premit
842 2952 868 3002 Ε
895 2953 960 3003 ferit
977 2954 1003 3003 A
1027 2949 1039 3019 Η
1062 2955 1112 3005 840

191 3021 357 3070 Fluctisona
375 3022 401 3070 E
412 3021 487 3071 AER
504 3023 542 3071 Et
558 3026 626 3071 nota
644 3022 668 3070 A
681 3017 754 3087 11842
771 3021 924 3071 Deianirae
943 3022 1015 3081 dedi,
1034 3021 1113 3085 Hylli

192 3096 233 3139 est
250 3107 272 3139 ω
288 3086 300 3155 ΙΙ
317 3090 367 3139 843
385 3090 450 3139 ferit
468 3089 494 3138 E
515 3091 609 3139 uehit
628 3090 706 3139 Gran.
730 3089 838 3138 ferens
857 3090 931 3138 NHs.
956 3089 1043 3139 refert
1059 3090 1084 3139 A
1107 3084 1112 3153 Ι

192 3157 244 3207 845
261 3157 335 3208 DEI.
355 3156 381 3205 E
398 3159 506 3221 Lipsius
525 3157 572 3218 (ex
583 3154 655 3222 W)
674 3173 719 3208 om.
732 3158 757 3205 A
769 3152 782 3222 ss
793 3158 844 3207 846
861 3157 935 3209 ΒΕΙ.
954 3158 979 3206 A
999 3172 1046 3206 om.
1060 3156 1085 3205 Ε
1108 3154 1111 3220 Ι

193 3225 299 3273 factum
325 3228 368 3273 est
385 3226 476 3275 seelus
494 3225 520 3274 Ε
532 3226 555 3275 R
572 3227 678 3288 Lipsius
695 3224 747 3286 (em
764 3223 819 3291 nd)
851 3228 895 3273 est
912 3241 958 3275 om.
976 3226 1001 3273 A
1026 3220 1037 3290 Η
1060 3225 1111 3274 848

192 3296 284 3355 potest
302 3308 323 3341 ω
341 3296 425 3356 petes
445 3292 523 3343 Gron.
540 3289 552 3358 ΙΙ
569 3293 651 3343 redde
670 3292 696 3341 E
714 3292 791 3342 reddi
810 3293 834 3341 A
852 3288 865 3359 ΙΙ
885 3294 935 3343 849
953 3298 1067 3341 exactos
1085 3290 1110 3339 Ε

194 3363 308 3407 exactus
328 3361 352 3408 A
365 3358 377 3423 ΙΙ
388 3362 437 3409 851
455 3362 562 3409 Tantas
581 3361 620 3411 εΑ
639 3361 732 3409 Tanta
750 3360 773 3409 n
790 3360 897 3409 Tantis
915 3361 1021 3424 Lipsius
1039 3360 1110 3409 'i'ue

193 3428 225 3473 te
244 3426 319 3473 NHs.
339 3430 402 3475 conl.
417 3427 479 3479 Oed.
499 3430 556 3475 957.
569 3423 581 3491 ΙΙ
593 3426 676 3477 redde
695 3427 721 3475 Ε
731 3435 755 3493 ψ
773 3426 839 3477 tolle
858 3427 882 3476 A
902 3426 989 3492 perde
1008 3427 1109 3491 Rapite·

192 3493 290 3555 lenpius
301 3487 313 3556 ΙΙ
324 3506 423 3555 precor
439 3494 465 3543 Ε
483 3508 563 3543 socer
580 3495 604 3543 A
628 3491 640 3559 Η
