2550 3917
530 172 711 221 THYESTES

118 332 138 381 d
356 312 453 388 Reges
468 313 646 373 conueniant
663 311 740 383 iicet,

315 398 364 475 qui
376 414 498 485 sparsos
512 397 623 474 agitant
637 397 742 467 Dahas,

316 482 366 559 qui
380 479 465 541 rubri
480 482 558 543 uada
571 480 666 542 litoris

316 572 345 627 et
359 568 482 644 gemmis
497 584 580 627 mare
594 566 701 627 lucidis

214 726 219 735 .
258 707 260 710 ,
314 650 371 711 late
387 651 582 728 sanguineum
597 656 710 724 teuent,
815 703 849 725 Ι,

314 743 362 795 aut
377 736 426 813 qui
442 737 539 815 caspia
554 735 681 797 sortibus

312 818 469 881 recludunt
482 822 551 897 iuga
566 818 717 889 Sarmatis

356 988 455 1049 Certet
469 989 598 1049 Danuuii
612 989 721 1051 uadum

314 1073 402 1133 audet
416 1075 467 1150 qui
481 1074 573 1151 pedes
586 1075 713 1151 ingredi,

315 1166 343 1217 et
360 1157 558 1236 (quocumque
573 1158 639 1219 ioco
655 1159 760 1236 iacent)

314 1242 404 1303 Seres
418 1242 531 1303 uellere
546 1242 677 1304 nobiles:

354 1410 412 1471 Nil
427 1410 494 1472 ullis
508 1428 602 1489 opus
617 1420 665 1473 est
679 1415 771 1490 equis,

313 1494 354 1555 nil
369 1498 459 1557 armis
475 1504 504 1557 et
518 1495 664 1557 inertibus

313 1579 393 1649 telis,
407 1597 484 1657 quae
499 1580 603 1659 procul
619 1582 726 1659 ingerit

312 1665 440 1727 Parthus
456 1684 524 1726 euru
540 1664 660 1725 simulat
673 1666 777 1744 sugas:

313 1750 439 1809 admotis
454 1749 621 1811 utibilest
636 1768 728 1829 opus

313 1834 404 1895 urbes
419 1843 554 1895 sternere
568 1836 713 1895 machinis

312 1918 399 1997 longe
415 1937 484 1979 sexu
500 1918 680 1979 rotantibus:

301 2083 304 2090 ’
355 2087 428 2148 Rex
451 2080 522 2156 est,
544 2088 846 2165 quimetuetnihil·

314 2190 378 2233 rex
402 2180 469 2241 est,
491 2172 784 2250 quiuupietuihil.

313 2274 398 2316 mens
413 2275 570 2334 regnum
583 2256 661 2317 huna
678 2259 810 2336 possidet
946 2320 949 2327 ,

312 2341 370 2401 hoe
386 2359 476 2419 regn
486 2360 539 2401 um
556 2340 613 2401 sibi
629 2344 754 2421 quisque
770 2344 829 2405 dat
1093 2372 1143 2421 390

355 2510 418 2570 Stet
434 2511 615 2590 quicumque
630 2509 713 2572 uolet
726 2520 833 2590 puteus
907 2584 910 2589 Ι

313 2592 396 2654 aulae
412 2596 539 2656 culmine
555 2594 688 2655 lubrice:
1062 2608 1084 2650 s.
1095 2609 1178 2651 cxxv

313 2697 360 2739 me
376 2679 470 2740 duleis
484 2687 596 2740 saturet
611 2681 703 2758 quies,

312 2762 441 2826 obscuro
456 2766 570 2844 positus
585 2764 650 2824 loeo
755 2775 760 2783 ’

311 2846 370 2908 leni
387 2849 526 2929 perfruar
543 2851 612 2909 otiu.
990 2864 991 2867 ’
1092 2868 1142 2917 395

224 3054 276 3103 370
293 3051 398 3102 duobos
415 3056 457 3103 uel
473 3052 558 3102 duces
575 3059 599 3116 ψ
617 3050 703 3101 dacus
721 3067 740 3100 u
758 3050 846 3101 dubus
863 3052 889 3101 E
918 3048 929 3119 ΙΙ
958 3056 1007 3104 372
1027 3057 1075 3103 sut

155 3121 181 3170 Α
199 3124 231 3170 et
246 3119 273 3169 E
290 3137 332 3169 uu.
345 3135 381 3170 ex
392 3121 459 3169 Pau
475 3116 492 3186 Η
521 3121 573 3170 376
590 3119 741 3169 danubium
758 3119 827 3169 lieet
845 3120 870 3169 Α
894 3120 1009 3172 danubii
1026 3136 1074 3171 ua·

155 3188 220 3237 dum
237 3187 265 3237 E
287 3184 300 3253 ΙΙ
321 3189 374 3238 380
388 3191 512 3238 reuocaui
524 3196 585 3251 port
602 3204 626 3237 u.
642 3188 694 3237 389
710 3193 816 3237 auctore
834 3186 961 3239 Swobedu
989 3184 1001 3254 H
1024 3190 1074 3240 388

155 3257 256 3305 metuit
273 3272 296 3305 ω
318 3258 424 3305 metuet
439 3257 535 3320 scripsi
557 3252 568 3321 il
591 3256 641 3306 389
660 3272 705 3305 om.
724 3256 749 3305 Α
768 3271 816 3306 rex
835 3260 877 3306 est
895 3257 978 3320 quiue
998 3258 1075 3322 eupit

155 3323 227 3373 nihil
250 3325 337 3373 eodeoe
361 3323 476 3373 Fabricii
493 3340 542 3373 rex
560 3328 603 3373 est
625 3323 674 3387 qui
697 3325 773 3388 eupit
795 3323 865 3373 nihil
888 3326 913 3373 iu
936 3339 1016 3389 marg.
1039 3328 1073 3376 ul.

155 3398 246 3441 utrum.
265 3392 298 3524 R'
318 3406 368 3441 rex
386 3394 430 3441 est
447 3392 549 3455 quique
568 3391 684 3446 ΗΜ
706 3407 726 3441 r.
746 3408 770 3442 e.
790 3406 816 3455 q.
836 3391 930 3455 cupiet
947 3407 973 3440 n.
991 3391 1072 3441 Eun.

154 3474 191 3509 ex
201 3460 271 3513 Pau.
300 3458 307 3525 Ι
