2550 3917
139 172 202 236 222
421 186 452 234 n.
471 184 602 234 ,imum
619 182 776 231 sennenn

105 355 109 364 ·
140 324 471 402 nunoreddebganen.
502 324 599 383 anime
615 322 685 400 quid
703 331 828 382 mortem
845 322 948 382 times?
1004 333 1005 338 ’

29 414 32 419 ’
139 428 220 472 mors
236 412 424 470 innocentem
441 409 501 468 sola
518 410 655 469 fortunae
671 407 780 486 eripit?

107 520 122 554 c
183 497 262 556 Haec
278 495 355 554 latus
371 502 450 573 aptat
464 494 576 571 inpiam
593 491 699 570 capulo
717 508 852 561 manum,

140 597 301 657 ensemque
317 580 407 638 ducit.
438 578 551 638 ‘itanel
574 585 632 637 tam
649 577 764 653 magnis
779 575 887 636 breues

139 682 251 744 poenas
266 662 430 724 sceleribus
445 662 567 722 soluis
583 670 671 740 atque
687 677 747 721 uno
763 660 860 721 omnia

139 748 277 828 pensabis
292 748 371 807 ictui
394 749 535 808 moreris:
558 746 616 806 hoc
632 747 708 823 patri
724 754 768 806 sat
783 754 840 806 est.

139 834 209 913 quid
226 833 332 893 deinde
347 833 448 900 matri,
467 831 535 909 qnid
552 830 628 891 male
644 832 674 890 in
690 829 787 892 lucem
804 831 887 890 editis

139 920 249 996 gnatis,
267 917 338 996 quid
354 918 409 993 ipsi
425 933 501 994 quae
516 924 598 975 tuum
615 933 719 992 magna
736 914 790 976 luit

139 1002 237 1064 scelus
252 1004 338 1061 ruina
355 1000 445 1060 debiti
461 1002 574 1077 patriae
591 1000 693 1060 debis?

106 1090 129 1147 c'
183 1086 373 1147 Soluendo
389 1102 447 1144 non
464 1103 503 1146 cs.
535 1083 584 1144 illa
599 1103 675 1162 quae
691 1083 773 1160 leges
788 1091 867 1144 ratas

139 1178 243 1231 natura
259 1172 287 1230 in
304 1187 364 1230 uno
380 1171 469 1229 uertit
485 1169 642 1247 Oedipoda
653 1186 748 1228 nouos

139 1261 294 1316 conmenta
311 1263 427 1332 partus,
445 1252 586 1333 supplicis
602 1253 704 1314 eadem
722 1253 795 1313 meis

138 1347 275 1400 nouetur.
306 1341 414 1400 iterum
431 1340 534 1399 uiuere
550 1345 637 1417 atque
653 1340 760 1398 iterum
776 1339 852 1398 mori

138 1423 226 1484 liceat
243 1426 358 1484 renasci
374 1440 508 1500 semper,
525 1431 558 1485 ut
573 1425 683 1482 totiens
697 1441 773 1482 noua

138 1506 283 1586 supplicia
299 1507 419 1587 pendas.
450 1515 534 1568 utere
549 1509 670 1584 ingenio
686 1509 783 1567 miser.

139 1592 216 1672 quod
233 1611 321 1671 saepe
338 1592 401 1652 lieri
418 1610 476 1651 non
492 1599 590 1670 potest
605 1593 655 1652 dat
669 1592 729 1652 diu.

105 1688 122 1738 d
182 1677 262 1736 Mors
278 1675 401 1754 eligatur
417 1675 513 1754 longa.
544 1685 701 1755 quaeratur
720 1679 767 1736 uia

138 1781 195 1840 qua
211 1780 267 1822 neo
282 1759 404 1838 sepultis
420 1763 527 1820 mixtus
543 1769 572 1820 et
586 1763 663 1822 uiuis
679 1769 777 1822 tamen

139 1854 293 1924 exemptus
309 1863 402 1906 erres.
434 1863 553 1906 morere
568 1846 618 1906 sed
636 1847 708 1905 citra
725 1855 849 1922 patrem.

138 1932 286 1991 cunctaris
301 1929 417 1990 anime?
440 1928 554 1990 subitus
570 1949 605 1990 en
623 1929 722 1990 uultus
738 1936 844 2007 grauat-

138 2015 277 2093 prolusus
293 2014 408 2075 imber
424 2033 458 2076 ac
474 2016 574 2092 rigat
588 2014 658 2074 lietu
675 2032 775 2092 genas,

139 2107 169 2160 et
183 2100 256 2160 llere
271 2101 341 2159 satis
357 2099 418 2158 est?
441 2098 584 2159 lracteuus
600 2099 725 2160 fundent
740 2098 836 2159 leuem

138 2183 217 2244 oculi
233 2183 393 2262 liquorem:
417 2183 536 2244 sedibus
552 2183 629 2261 pulsi
644 2185 704 2244 suis

138 2267 273 2329 lacrimas
289 2275 460 2345 sequantur.
491 2268 521 2328 bi
536 2268 685 2330 maritales
701 2270 797 2328 statim

138 2353 290 2412 fodiantur
306 2351 407 2412 oculi’
439 2352 511 2412 dixit
527 2361 613 2432 atque
628 2357 672 2413 ira
691 2352 770 2413 iurit.

103 2449 120 2497 b
182 2437 294 2497 Ardent
310 2439 441 2498 minaces
457 2439 523 2514 igne
540 2436 706 2498 truculento
722 2455 815 2514 genae

138 2519 289 2601 [oculique
304 2525 360 2583 uix
373 2540 406 2583 se
419 2524 539 2583 sedibus
553 2527 684 2583 retinent
699 2521 787 2602 suis]

137 2605 284 2666 uiolentus
300 2605 395 2666 audax
411 2605 511 2667 uultus
527 2608 620 2666 iratus
636 2606 719 2666 ferox

137 2698 250 2751 tantum
268 2691 406 2751 eruentis.
439 2692 550 2768 gemuit
565 2699 594 2750 et
609 2691 707 2752 dirum
724 2691 854 2752 iremens

137 2793 242 2836 manus
259 2776 286 2834 in
304 2793 356 2835 ora
372 2776 465 2834 torsit.
498 2784 644 2835 utcontra
661 2783 759 2835 truces

137 2858 214 2920 oculi
230 2868 377 2921 steterunt
393 2869 423 2920 et
437 2877 519 2920 suam
537 2861 641 2920 intenti
658 2877 777 2920 manum

137 2943 214 3004 ultro
230 2946 403 3005 insecuntur
419 2944 535 3005 uulnori
551 2952 714 3004 occurrunt
729 2962 792 3004 suo.
1067 2954 1127 3006 985

136 3071 340 3081 ———

204 3132 254 3181 955
272 3131 373 3195 eripiet
390 3129 416 3178 E
427 3125 439 3194 Η
457 3131 505 3180 961
525 3130 586 3194 ipsa
604 3129 630 3177 E
642 3125 653 3194 Η
669 3131 718 3179 962
737 3129 839 3179 flebilis
857 3138 880 3193 ψ
897 3125 908 3195 {l
925 3131 974 3179 963
994 3127 1053 3179 Sol·
1099 3121 1103 3126 ’

136 3198 227 3248 nendo
240 3214 296 3247 non
309 3203 351 3248 est
363 3197 413 3247 illa
425 3215 447 3247 to
465 3197 606 3247 Soluendo
619 3213 673 3246 non
688 3212 729 3248 es.
749 3196 803 3246 Illa
817 3198 889 3247 Grot.
914 3196 1054 3246 Soluende

135 3281 190 3316 non
204 3271 247 3315 est
259 3267 343 3316 uita.
364 3266 408 3314 GR
420 3261 432 3330 [Ι
443 3266 493 3316 964
507 3264 651 3329 Oedipoda
665 3264 690 3313 E
706 3266 815 3328 Vosne
836 3264 978 3330 Oedipode
993 3265 1016 3314 A
1038 3264 1051 3328 ll

135 3335 184 3384 971
205 3335 263 3395 Que
282 3332 307 3381 E
323 3329 335 3397 ΙΙ
358 3334 407 3382 972
427 3337 532 3397 partem
552 3332 576 3380 E
593 3328 604 3397 ΙΙ
621 3334 671 3384 973
691 3347 724 3382 en
742 3333 767 3381 E
786 3348 822 3382 an
842 3333 865 3382 A
885 3330 897 3399 ll
920 3334 970 3383 974
988 3333 1053 3381 Pro·

135 3400 214 3450 fusus
226 3399 251 3447 Ε
257 3408 279 3463 ψ
297 3400 431 3448 Perfusus
444 3401 468 3448 A
481 3398 492 3464 ΙΙ
504 3401 554 3450 989
573 3401 657 3449 deleui
667 3396 678 3466 ll
692 3402 739 3450 981
754 3401 848 3450 uultus
861 3401 909 3464 Ep
928 3404 1018 3450 mutus
1032 3416 1051 3450 α

135 3466 242 3517 multus
261 3469 332 3517 Deir.
344 3462 356 3531 ΙΙ
372 3468 422 3516 982
442 3468 563 3516 orirentis
581 3467 631 3530 Εψ
650 3472 777 3518 cruentus
796 3469 820 3518 A
845 3465 856 3534 Η
