2550 3917
202 210 263 274 158
480 223 511 270 n.
528 223 663 269 aunem
679 222 833 270 senecam

201 364 303 424 aether
319 373 348 424 et
363 365 434 423 atris
450 362 579 422 nubibus
594 362 702 421 condat
717 361 795 422 diem

201 467 236 510 ac
250 457 350 509 uestra
365 456 447 508 retro
462 447 558 507 sidera
575 445 711 524 obliquos
727 455 815 523 agant
876 493 877 504 ,

200 542 313 593 retorta
328 550 441 592 cursus.
472 540 562 609 tuque
578 531 726 591 sidereum
742 538 830 610 caput
976 544 997 584 r.
1012 544 1114 585 cxxvu
1135 538 1189 588 685

200 619 314 678 radiate
329 618 414 677 Titan
430 626 461 676 tu
479 617 560 676 uelas
576 617 676 692 stirpis
692 623 758 676 tuae

202 701 375 780 speculere‘l
397 699 493 762 lucem
509 718 611 776 merge
627 708 657 759 et
672 701 701 759 in
717 699 856 760 tenebras
872 701 949 786 iuge.

167 790 188 846 f
245 786 303 846 Cur
319 787 420 845 dextra
437 785 538 845 diuum
554 792 654 844 rector
669 792 757 862 atque
773 785 925 845 hominurn
944 793 1027 846 uacat

200 879 250 931 tus
266 889 321 930 nec
338 868 457 929 trisulca
472 869 600 929 muudus
615 869 744 929 ardescit
759 870 843 930 lace?

200 957 230 1014 in
246 973 294 1014 me
309 962 387 1014 tona.
417 973 464 1013 me
479 955 544 1031 fige.
576 972 622 1013 rne
640 953 724 1013 uelox
741 961 854 1015 cremet

199 1046 365 1099 transactus
380 1039 466 1116 ignis.
494 1056 558 1097 sum
576 1056 687 1098 nocens
703 1039 798 1098 merui
813 1041 904 1098 mori:

199 1123 297 1202 placui
313 1140 472 1183 nouercae.
490 1155 531 1164 —-
547 1122 654 1198 dignus
670 1139 707 1182 en
724 1127 869 1201 stupris
885 1142 939 1200 ego

199 1207 418 1285 scelerique
433 1214 514 1266 tanto
530 1207 628 1266 uisus?
652 1223 706 1284 ego
724 1205 803 1267 solus
819 1208 873 1268 tibi

206 1293 329 1352 materia
344 1290 454 1350 sacilis‘l
478 1290 534 1351 hoc
549 1309 633 1351 meus
648 1293 757 1353 meruit
771 1293 868 1369 rigor?

166 1378 194 1438 f'
249 1377 274 1445 Ο
289 1374 433 1436 scelere
449 1377 571 1435 uincens
585 1393 674 1435 omne
690 1376 850 1436 femineum
867 1393 969 1454 genus.

200 1479 217 1520 o
233 1463 328 1521 maius
343 1479 413 1520 ausa
430 1468 525 1519 matre
541 1461 730 1520 monstrifera
747 1458 855 1521 malum

198 1547 347 1622 genetrice
364 1545 457 1621 peior.
486 1543 533 1604 illa
550 1563 582 1604 se
599 1552 711 1604 tantum
728 1553 858 1623 stupro

198 1630 410 1690 contaminauit
426 1636 569 1688 ettamen
585 1629 705 1688 tacitum
722 1628 770 1688 diu

198 1716 310 1773 crimen
326 1711 446 1773 bilormi
464 1721 565 1790 partus
581 1707 715 1772 exhibuit
729 1721 797 1772 nota

198 1796 400 1874 scelusque
415 1797 518 1856 matris
533 1798 629 1874 arguit
645 1795 728 1856 uultu
744 1799 820 1856 truci

197 1882 353 1957 ambiguus
368 1879 474 1940 iulans.
506 1879 553 1940 ille
568 1893 596 1940 te
611 1889 717 1940 uenter
732 1881 806 1940 tulit.

164 1969 188 2028 e'
242 1965 267 2024 0
283 1974 329 2025 ter
345 1973 508 2042 quaterque
523 1983 669 2044 prospero
685 1966 744 2024 lato
761 1966 819 2025 dati

197 2068 271 2127 quos
287 2049 384 2110 hausit
400 2056 429 2108 et
444 2051 572 2126 peremit
586 2058 615 2109 et
629 2049 688 2109 leto
704 2049 785 2108 dedit

197 2134 295 2195 odium
313 2133 465 2211 dolusque.
494 2137 611 2210 genitor
627 2132 745 2193 inuideo
762 2132 829 2193 tibi:

197 2218 331 2278 colchide
347 2236 476 2278 nouerca
493 2221 587 2278 maius
603 2218 660 2278 hoc
676 2220 770 2278 maius
786 2216 894 2277 malum
911 2227 963 2280 est.

167 2334 186 2382 g
242 2317 297 2362 ΡΗ.
320 2303 357 2362 Et
372 2304 433 2379 ipsa
451 2312 570 2362 nostrae
585 2302 643 2362 lata
659 2319 806 2378 cognosco
822 2303 941 2364 domus:

196 2387 336 2464 fugienda
352 2388 479 2465 petimus
494 2387 544 2447 sed
562 2388 620 2447 mei
635 2404 696 2447 non
712 2404 777 2446 sum
794 2396 907 2465 potens,

197 2480 225 2532 te
241 2471 289 2531 uel
305 2488 360 2549 per
375 2473 459 2550 ignes
474 2489 528 2549 per
544 2489 626 2531 mare
642 2473 777 2532 insanum
793 2489 901 2550 sequar

197 2574 346 2634 rupesque
362 2564 391 2616 et
407 2573 509 2616 amnes
525 2556 603 2616 unda
620 2573 695 2634 quos
710 2563 830 2617 torrens
845 2557 936 2634 rapit,

195 2659 381 2720 quacumque
396 2658 516 2719 gressus
532 2639 633 2701 tuleris
646 2641 701 2700 hac
717 2658 818 2701 amens
834 2657 913 2718 agar.

194 2727 301 2786 iterum
317 2724 446 2802 superbe
462 2725 586 2801 genibus
602 2724 746 2785 aduoiuor
762 2727 828 2785 tuis,

160 2816 185 2889 g'
239 2824 331 2870 HlPP.
355 2804 463 2870 Procul
479 2809 632 2887 inpudicos
649 2827 776 2887 corpore
792 2828 808 2869 a
824 2815 905 2868 casto
921 2827 1025 2870 amoue

194 2903 297 2955 tactus.
327 2895 397 2974 quid
409 2895 470 2954 -hoc
487 2894 548 2954 esti
572 2895 659 2953 etiam
675 2895 704 2952 in
720 2893 874 2971 amplexus
889 2894 965 2953 ruit?

260 3098 311 3148 684
329 3112 363 3145 cc
381 3111 462 3145 uersu
480 3097 504 3144 A
525 3101 656 3145 ecuestru
674 3095 700 3144 E
711 3091 723 3162 ll
735 3096 785 3145 686
803 3101 910 3146 tantum
929 3113 963 3146 ne
982 3098 1062 3148 nefas
1082 3098 1107 3148 Ε

192 3166 264 3213 titan
282 3169 312 3213 tu
330 3164 411 3214 nefas
428 3164 453 3213 A
477 3160 489 3229 ΙΙ
512 3165 562 3214 687
580 3163 724 3228 speculare
743 3163 768 3213 A
790 3164 934 3228 speculere
953 3164 979 3213 Ε
995 3171 1015 3216 t.
1036 3165 1079 3215 Gr.
1100 3163 1108 3231 ll

192 3234 241 3283 699
260 3233 359 3296 dignus
379 3247 414 3280 an
432 3232 457 3280 A
480 3231 578 3297 dignus
598 3247 631 3282 en
651 3231 676 3279 E
691 3227 703 3297 ΙΙ
719 3233 769 3282 693
787 3232 940 3296 scelerique
959 3233 1000 3282 Αε
1018 3232 1106 3282 scele-

190 3299 283 3363 risque
300 3301 326 3348 V
335 3295 347 3364 Η
359 3300 408 3349 696
426 3299 550 3349 femineo
568 3305 600 3351 cl.
613 3300 689 3349 NHc.
709 3300 967 3350 monstriferum
984 3302 1015 3349 ci.
1027 3299 1078 3350 Bo.
1097 3298 1107 3365 ῃ

190 3368 241 3416 696
258 3370 329 3416 uncie
345 3369 446 3416 inclusit
463 3367 514 3418 Bo.
546 3365 550 3433 Ι
573 3368 623 3418 699
642 3367 767 3416 biformis
787 3368 810 3416 A
837 3368 955 3417 triformi
974 3367 998 3415 Ε
1021 3363 1032 3432 ΙΙ
1056 3369 1106 3417 792

190 3434 254 3483 date
272 3441 296 3495 ψ
315 3437 374 3567 sinoti
392 3438 424 3483 cl.
443 3430 537 3499 NHc.l
562 3436 611 3484 796
628 3435 713 3484 haec
731 3438 762 3484 ci.
782 3435 857 3484 NHc.
871 3430 882 3499 ll
894 3436 943 3485 710
961 3449 1062 3498 sequar
1080 3435 1105 3483 A

190 3516 259 3564 agar
276 3501 301 3549 Ε
