2550 3917
527 205 707 254 rannerus
1034 194 1075 259 rt

157 346 332 426 uultumque
346 352 449 408 uersat
462 364 555 425 seque
568 346 600 405 in
615 347 730 407 incerto
745 354 834 407 tenet.

123 438 146 497 e'
200 446 280 492 rur.
305 433 381 504 Quid
397 432 518 491 anime
533 430 687 510 pendes,
704 430 814 510 quidue
829 431 984 493 consilium
1001 434 1050 494 diu

155 522 217 575 tam
231 514 317 577 facile
333 516 473 594 torques?
488 516 579 576 rebus
594 516 802 575 incertissimis

156 600 241 662 fratri
256 608 345 680 atque
358 618 453 678 reguo
469 600 566 661 credis
582 616 616 659 ac
632 601 738 660 metuis
754 598 830 659 mala
1090 600 1141 672 4'25

155 687 214 746 iam
229 687 324 753 uicta,
340 687 398 745 iam
415 691 566 751 mansueta
583 691 612 745 et
627 701 784 744 aerumnas
800 685 878 763 iugis

155 769 234 830 bene
248 768 423 831 collocatas?
445 787 510 830 esse
524 771 581 829 iam
598 769 740 829 miserum
756 771 846 830 iuuat.

154 855 278 915 reflecte
293 871 429 931 gressum
446 854 516 914 dum
531 853 601 914 licet
615 860 704 932 teque
721 855 811 931 eripe.

122 952 140 1004 d
201 953 304 999 rtur.
329 941 411 1012 Quae
425 957 514 1000 causa
530 940 609 1016 cogit
623 940 741 1015 genitor
756 958 772 999 a
788 940 882 1016 patria
898 940 1021 1017 gradum

155 1025 271 1084 referre
284 1025 368 1085 uisci
384 1039 438 1084 cur
453 1024 539 1084 bonis
554 1024 642 1083 tantis
657 1024 754 1083 sinum
778 1019 781 1027 ’
1089 1045 1141 1093 430

156 1108 315 1170 subducis?
337 1110 382 1169 ira
397 1108 518 1169 irater
533 1107 647 1169 abiecta
660 1107 740 1168 redit

156 1201 331 1272 partemque
346 1194 434 1271 regni
449 1194 547 1254 reddit
564 1200 594 1253 et
608 1191 724 1253 lacerae
739 1191 845 1252 domus

156 1280 299 1356 conponit
314 1285 398 1339 artus
414 1284 502 1356 teque
517 1278 646 1338 restituit
660 1276 723 1337 tibi.

122 1390 138 1423 c
198 1376 280 1422 unu.
305 1363 430 1424 Causam
446 1365 559 1423 timoris
573 1363 637 1439 ipse
653 1373 740 1441 quam
757 1363 862 1439 ignoro
880 1363 980 1441 exigis.

155 1446 228 1507 nihil
243 1447 408 1524 timendum
423 1447 526 1517 uideo,
543 1447 595 1507 sed
610 1447 701 1507 timeo
716 1454 835 1519 tamen„
1091 1467 1141 1517 435

154 1531 253 1611 placet
266 1534 325 1603 ire,
342 1533 434 1611 pigris
450 1530 584 1592 membra
600 1530 652 1591 sed
667 1530 803 1609 genubus
818 1528 920 1592 labant

155 1616 273 1696 alioque
288 1635 378 1696 quam
393 1634 452 1697 quo
468 1618 548 1677 nitor
563 1615 708 1675 abductus
723 1616 815 1676 seror.
911 1622 922 1641 ·

155 1703 198 1761 sio
214 1704 390 1762 concitatam
405 1702 517 1779 remige
535 1706 563 1761 et
577 1699 647 1760 ueio
662 1707 756 1760 ratem

154 1794 253 1846 aestus
267 1787 410 1847 resistens
425 1786 532 1863 remigi
548 1793 578 1846 et
592 1784 661 1845 uelo
676 1785 780 1845 refert.

117 1871 141 1929 α’
196 1883 299 1932 usur.
323 1872 435 1932 Euinoe
450 1870 590 1949 quicquid
606 1868 703 1929 obstat
718 1878 747 1929 et
762 1878 891 1930 mentem
906 1870 1021 1949 inpedit
1088 1890 1139 1939 440

154 1954 356 2035 reducemque
371 1962 479 2034 quauta
494 1954 627 2032 praemia
644 1960 802 2032 expectent
816 1954 896 2015 uide,

155 2048 250 2118 pater,
266 2048 352 2118 potes
368 2058 511 2118 regnare.

155 2138 235 2185 unu.
532 2140 601 2183 cum
615 2123 726 2199 possim
740 2124 825 2183 mori.

155 2226 268 2269 summa
285 2217 330 2269 est
344 2216 473 2287 potestas
488 2206 568 2268 nulla
584 2209 609 2268 si
625 2208 727 2284 cupias
743 2206 825 2267 nihii.

156 2292 259 2354 riui.
284 2296 381 2371 gnatis
396 2292 557 2372 relinques

156 2392 236 2439 unu.
582 2392 643 2434 non
660 2374 737 2453 capit
749 2392 878 2453 regnum
895 2377 979 2438 duos.

155 2466 259 2523 rtur.
282 2462 373 2523 miser
389 2480 454 2523 esse
469 2459 582 2522 mauult
597 2477 662 2520 esse
680 2460 730 2537 qui
744 2460 815 2521 felix
831 2462 944 2539 potest?
1085 2480 1136 2528 445

120 2580 136 2613 e
197 2561 279 2608 rur.
301 2546 372 2608 Mihi
387 2547 490 2615 crede,
506 2545 588 2606 falsis
602 2561 709 2622 magna
724 2544 892 2605 numinibus
906 2545 1040 2624 placent,

155 2633 266 2693 frustra
281 2634 424 2692 timentur
440 2631 523 2692 dura.
554 2630 625 2690 dum
642 2627 775 2690 excelsus
791 2632 866 2700 steti,

153 2734 314 2796 numquam
331 2734 443 2796 pauere
458 2715 556 2776 destiti
572 2721 660 2793 atque
676 2715 773 2790 ipsum
791 2716 851 2774 mei

154 2802 268 2862 ierru'm
282 2803 387 2862 timere
403 2800 513 2861 lateris.
544 2803 720 2877 oquantum
735 2797 846 2859 bonirm
865 2806 909 2859 est

154 2886 274 2947 obstare
290 2884 372 2947 nulli.
404 2880 668 2969 [caperesecurus
683 2886 777 2960 dapes
1087 2902 1140 2951 450

154 2972 240 3032 humi
254 2966 427 3052 iacentem]
460 2968 573 3030 scelera
589 2986 650 3029 non
664 2969 776 3028 intrant
791 2986 874 3028 casas

221 3142 273 3191 428
291 3140 408 3190 deflecte
420 3141 447 3189 Α
469 3140 555 3192 rene
582 3135 594 3202 ΙΙ
619 3139 670 3187 436
689 3137 867 3201 subgenubus
879 3137 905 3186 E
928 3137 977 3187 sed
995 3140 1072 3204 geni·

153 3207 206 3257 bus
218 3209 245 3258 A
267 3203 280 3274 ΙΙ
302 3209 353 3259 438
370 3212 455 3257 uento
468 3208 494 3257 Α
516 3206 580 3256 uelo
598 3219 613 3255 ε
635 3200 648 3270 Η
670 3206 719 3255 439
738 3212 919 3269 resurgensnp
938 3206 1072 3257 resistens

155 3288 189 3324 αε
211 3272 224 3341 11
246 3277 298 3325 440
314 3278 449 3340 peruince
462 3276 488 3325 Α
512 3274 609 3323 euince
625 3272 651 3321 Ε
674 3273 755 3321 uince
773 3272 835 3321 Rro
858 3268 870 3337 ΙΙ
896 3273 947 3322 443
965 3273 1071 3325 ΤΑΝΤ,

155 3341 235 3407 (Phy.
248 3343 286 3405 Α)
304 3358 411 3393 summo
429 3348 472 3392 est
488 3345 623 3407 potestas.
646 3340 729 3388 THY.
747 3339 825 3389 nulla
843 3356 865 3389 s.
880 3355 904 3389 e.
917 3356 944 3392 n,
963 3358 984 3391 ω
1005 3341 1076 3390 Tan«

153 3413 200 3459 tali
217 3418 243 3461 et
257 3403 384 3476 Thyestae
401 3413 502 3461 nomina
518 3411 619 3459 sustulit
631 3408 708 3457 NHe.
731 3403 745 3473 [l
766 3406 831 3457 450¹>
843 3410 905 3458 451ι
922 3410 992 3464 eieci,
1012 3424 1072 3459 con-

151 3477 216 3540 flata
238 3494 275 3529 ex
292 3481 330 3528 eis
348 3495 412 3543 quoe
429 3484 556 3529 secuntur.
585 3472 597 3541 ΙΙ
625 3476 676 3525 451
696 3490 792 3524 cesam
811 3490 829 3524 oc
853 3489 933 3524 casas
951 3474 1000 3538 Ep
1025 3471 1037 3541 Η
