2550 3917
217 172 279 235 140
495 187 528 234 s.
546 185 679 232 sunam
695 185 853 234 suuncio

215 336 244 386 et
259 327 336 386 uicta
352 342 448 400 prono
463 327 571 406 puppis
587 325 723 386 aufertur
738 326 824 386 uado.

215 410 284 488 quid
300 413 375 470 ratio
391 411 503 488 possit?
526 412 598 471 uicit
611 429 647 471 ac
662 417 766 486 regnat
781 410 864 470 luror

214 503 379 574 potensque
393 501 454 554 tota
469 502 569 555 mente
584 495 752 555 dominatur
768 495 849 555 deus.

174 578 200 653 g'
257 580 311 641 Hic
326 579 449 640 uolucer
465 581 545 638 omni
560 578 652 657 pollet
667 581 695 638 iu
712 587 790 639 terra
807 583 946 657 inpotens

213 663 386 743 laesumque
401 663 528 724 dammis
542 671 637 724 torret
652 663 800 724 indomitis
815 663 926 723 Iouem.

214 749 362 809 Gradiuus
376 748 447 808 istas
462 746 588 843 belliger
603 748 696 808 sensit
712 748 807 816 laces,

213 834 310 910 opifex
327 831 439 892 trisulci
455 832 585 892 fulminis
600 834 692 893 sensit
707 832 780 892 deus

214 923 243 976 ct
259 919 309 995 qui
324 916 459 978 furentes
474 935 593 994 semper
609 917 738 976 aetnaeis
752 918 830 994 iugis

213 1009 313 1062 uersat
329 1003 459 1062 caminos
474 1001 543 1077 igne
559 1007 616 1061 tam
633 1015 727 1080 paruo
744 1000 827 1060 calet.

211 1087 368 1162 ipsumque
383 1084 537 1146 Phoebum
554 1085 610 1146 tela
628 1087 678 1164 qui
693 1103 788 1146 neruo
803 1089 893 1163 regit,

211 1170 274 1247 tigit
289 1171 391 1246 sagitta
408 1171 518 1230 certior
532 1171 622 1230 missa
639 1187 714 1248 puer

211 1253 372 1330 uolitatque
388 1254 469 1314 caclo
485 1255 596 1333 pariter
611 1263 641 1314 et
656 1255 744 1314 terris
759 1254 868 1331 grauis.
1265 1325 1266 1328 Ἴ

175 1346 195 1394 h
255 1351 359 1397 nuru.
383 1339 477 1398 Deum
492 1355 558 1398 csse
574 1356 706 1399 amorem
722 1341 816 1416 turpis
833 1347 861 1399 et
875 1339 945 1399 uitio
961 1340 1065 1400 furens
1149 1356 1200 1404 200

209 1422 224 1480 1
228 1424 325 1482 inxit
338 1421 459 1482 libido
475 1441 593 1502 quoque
608 1423 731 1483 liberior
747 1423 825 1484 loret
1265 1415 1266 1506 i

211 1505 327 1568 titulum
343 1507 437 1568 lurori
452 1509 617 1567 numinis
632 1508 646 1566 i
650 1506 720 1568 alsi
735 1507 855 1568 addidit.
1265 1509 1266 1538 l

209 1598 332 1667 gnatum
348 1609 403 1669 per
418 1593 514 1652 omnis
529 1590 646 1652 scilicet
660 1598 756 1651 terras
771 1609 879 1668 uagum

208 1675 334 1754 Erycina
351 1677 446 1759 mittit.
476 1675 526 1736 ille
543 1694 597 1754 per
612 1674 725 1736 caelum
743 1675 846 1736 uolans

196 1769 349 1837 proterua
365 1768 467 1821 tenera
482 1760 539 1820 tela
555 1759 677 1820 molitur
692 1777 779 1820 manu

209 1861 395 1923 regnumque
410 1852 524 1905 tantum
540 1845 678 1904 minimus
695 1864 711 1905 e
726 1846 843 1922 superis
858 1844 956 1906 babet.

172 1926 200 1984 h'
254 1928 350 1988 Vana
366 1929 419 1990 ista
436 1928 559 1989 demens
574 1931 689 1988 animus
704 1928 830 1988 adsciuit
844 1929 900 1989 sibi

208 2013 390 2091 Venerisque
406 2031 538 2073 numen
554 2013 667 2072 finxit
682 2020 769 2091 atque
785 2031 871 2074 arcus
886 2013 944 2074 dei.

209 2098 340 2176 quisquis
355 2097 494 2158 secundis
509 2096 601 2158 rebus
616 2095 726 2157 exultat
741 2099 828 2158 nimis

207 2179 330 2260 fluitque
345 2179 416 2242 luxu
431 2199 550 2260 semper
565 2179 682 2242 insolita
696 2184 816 2260 appetit.

106 2274 109 2279 ·
208 2272 279 2326 tunc
295 2265 342 2326 illa
359 2281 483 2342 magnac
499 2266 561 2326 dira
579 2266 715 2326 fortunae
731 2284 830 2327 comes

208 2349 287 2409 subit
302 2349 435 2411 libido:
459 2368 520 2410 non
535 2350 654 2428 placent
668 2359 769 2411 suetae
787 2351 877 2430 depes

209 2451 268 2494 non
285 2442 361 2494 tecta
371 2436 440 2495 'sani
454 2437 547 2495 moris
563 2444 614 2497 aut
628 2434 695 2496 uilis
709 2440 802 2496 sinus,

157 2517 197 2576 h''
253 2517 312 2578 Cur
328 2520 358 2578 in
373 2528 496 2596 penates
510 2522 609 2581 rarius
624 2527 729 2604 tenues
744 2519 823 2580 subit

276 2788 324 2838 189
343 2788 415 2852 quod
434 2805 455 2838 r.
470 2790 562 2854 poscit
573 2790 597 2838 Α
618 2789 684 2852 quid
696 2803 717 2838 r.
730 2789 816 2854 possit
834 2789 859 2837 E
876 2786 888 2856 11
908 2791 997 2840 uincit
1009 2792 1034 2841 Α
1053 2794 1124 2844 uicit

206 2853 232 2903 Ε
253 2852 265 2920 ΙΙ
289 2857 336 2905 191
356 2863 456 2920 regnat
473 2856 498 2906 Α
517 2857 605 2922 pollet
622 2857 649 2906 Ε
667 2863 684 2906 1.
705 2857 749 2907 Gr.
771 2854 783 2923 Η
803 2861 902 2922 potens
920 2875 941 2908 or
960 2874 1072 2910 nocens
1091 2865 1123 2912 οἱ.

208 2922 286 2974 Gron,
306 2924 449 2988 impotens
467 2926 499 2973 ei.
514 2924 589 2974 NHa.
602 2920 615 2989 ΙΙ
628 2925 676 2974 192
694 2926 837 2988 ipsumque
850 2927 874 2974 Α
894 2926 1037 2992 lusumque
1049 2929 1102 2993 Εψ
1115 2925 1124 2994 il

208 2992 258 3041 194
280 2991 390 3040 trisulci
407 3007 476 3043 corr.
495 3009 526 3042 m.
546 2994 562 3040 2
581 3007 617 3041 ecc
635 2992 742 3042 trisulci
761 2991 785 3042 Ε
808 2989 820 3059 Η
843 2995 893 3044 200
916 2997 991 3059 turpi
1008 2997 1123 3047 seruitio

206 3058 310 3107 fouens
323 3065 347 3121 ψ
377 3059 496 3123 turpiter
517 3059 587 3109 uitio
609 3060 710 3110 fouens
736 3076 755 3110 α
784 3061 871 3126 turpis
895 3066 923 3111 et
940 3062 1009 3112 uitio
1027 3063 1122 3113 furens

206 3124 232 3172 E
254 3120 266 3190 ll
289 3125 340 3181 206
358 3127 502 3189 regnique
520 3130 553 3178 ci.
571 3128 604 3178 N.
625 3128 674 3177 Ha.
703 3129 732 3176 iu
750 3143 864 3192 superos
882 3144 901 3178 α
926 3129 955 3178 111
974 3133 1080 3194 superis
1098 3139 1122 3196 ψ

206 3192 347 3256 esuperis
366 3192 415 3243 Eli
442 3190 455 3257 Η
484 3196 534 3246 210
552 3199 688 3259 appetens
707 3196 732 3244 A
752 3197 860 3260 appetit
878 3195 926 3245 ΕΕ
949 3193 960 3263 Η
988 3200 1122 3248 21111111

205 3259 283 3308 illum
301 3267 325 3322 ψ
343 3259 416 3309 hunc
434 3260 484 3310 illa
503 3279 522 3311 α
540 3268 605 3311 tunc
624 3263 674 3312 illa
692 3263 765 3328 ΕψΙΙ
778 3266 827 3313 213
846 3264 911 3312 ullis
930 3265 1011 3328 (ullus
1029 3273 1047 3315 1.
1063 3263 1121 3327 Gr.)

206 3327 285 3376 cibus
297 3327 324 3376 E
341 3327 405 3378 uilis
418 3329 495 3378 cibus
508 3331 532 3379 Α
552 3330 679 3380 humilis
697 3334 738 3380 net
755 3331 820 3380 uilis
839 3335 928 3381 torus
945 3334 977 3382 oi.
993 3333 1037 3384 Gr.
1054 3333 1121 3384 uilis

205 3395 350 3459 scyphus
372 3398 404 3444 ci.
423 3395 474 3449 Bo.
492 3404 518 3445 et
535 3397 712 3447 Mttecttern'en
742 3399 824 3462 tyrii
848 3399 934 3449 sinus
957 3402 988 3448 ci.
1013 3401 1120 3464 Withof.

204 3462 272 3512 uilis
290 3465 380 3512 sinus
397 3465 494 3526 scripsi
510 3465 564 3513 c'um
581 3463 649 3513 Bau.
674 3461 685 3529 ΙΙ
