2550 3917
196 195 263 260 410
586 183 728 255 morerer

132 408 137 416 ,
200 351 316 428 quaerit
330 347 433 410 relabi.
463 349 597 409 membra
613 349 679 426 quis
694 350 827 425 quatitur
843 350 927 409 rota?

200 435 249 494 hic
265 454 335 496 ecce
350 432 463 513 petiens
478 434 541 493 dira
557 433 718 513 Tisiphone
734 436 827 503 stetit,

199 538 320 581 causam
335 520 474 596 reposcit.
505 536 595 596 perce
611 517 790 579 uerberibus
805 537 920 597 precor.

199 605 337 680 Megaera
352 622 452 682 perce.
484 605 597 664 sustine
613 604 723 682 stygias
739 604 833 664 iaces:

201 688 298 749 scelus
314 696 359 749 est
373 690 492 749 amoris.
523 688 574 747 sed
591 688 660 766 quid
676 688 752 748 hoc?
777 686 863 749 tellus
878 687 958 750 labat

198 782 230 833 et
245 772 311 834 aule
327 775 411 833 tectis
427 773 522 833 creuit
537 774 678 833 excussis,
711 774 809 832 minax

199 858 279 917 uude
295 860 350 917 istc
365 859 486 919 coetus?
508 865 586 917 totus
601 859 630 917 in
647 857 744 918 uoltus
759 877 842 919 meos

201 942 334 1003 decurrit
350 943 446 1011 orbis,
463 943 532 1002 hinc
547 950 576 1001 et
591 942 661 1002 hinc
677 942 776 1021 popuii
793 943 923 1003 fremunt

200 1036 338 1105 totusque
354 1030 450 1105 poscit
465 1028 611 1104 uindicem
628 1028 756 1088 muudus
772 1046 867 1088 suum.

201 1114 258 1171 iem
276 1114 387 1189 percite
403 1112 503 1172 urbes.
520 1147 560 1157 -
577 1131 635 1190 quo
653 1113 750 1189 iugem
768 1131 911 1190 praeceps
926 1114 1031 1192 egem?

201 1215 282 1257 mors
298 1196 359 1257 sola
375 1204 479 1275 portus
494 1195 611 1256 dabitur
627 1199 777 1257 aerumnis
793 1198 875 1257 meis.

200 1288 293 1341 testor
308 1283 429 1343 nitentis
443 1282 609 1342 flammeam
625 1281 738 1342 Phoebi
753 1289 849 1342 rotam

199 1384 385 1444 superosque
402 1374 508 1426 testor:
531 1365 690 1426 Herculem
706 1368 736 1425 io
752 1369 842 1427 terris
857 1368 953 1428 adiruc

201 1452 343 1511 moritura
360 1450 469 1529 linquo.

198 1549 282 1596 HYL.
508 1536 582 1612 iugit
597 1538 718 1595 attonita
735 1537 763 1596 ei
777 1536 858 1595 mihi.

202 1630 321 1699 peracta
337 1621 396 1680 iem
412 1636 482 1697 pers
499 1621 601 1679 metris
617 1626 675 1681 est:
700 1623 801 1681 statuit
814 1624 892 1681 mori

203 1723 283 1766 uuoc
299 1711 399 1764 nostra
414 1714 550 1783 superest
565 1707 668 1765 mortis
684 1706 802 1765 auterre
817 1707 969 1783 impetum.

200 1809 219 1848 o
236 1792 343 1851 misere
359 1791 462 1865 pietas.
493 1791 517 1849 si
533 1792 610 1849 rnori
625 1799 750 1850 matrem
767 1799 864 1850 uetes:

203 1875 279 1951 petri
295 1893 327 1934 es
342 1873 493 1934 scelestus.
525 1876 550 1933 si
566 1876 641 1934 mori
657 1876 781 1953 pateris:
806 1883 903 1935 tamen

201 1962 233 2018 in
250 1966 343 2019 matre
359 1977 475 2037 peccas.
505 1966 592 2035 urget
606 1959 675 2019 hinc
690 1958 769 2020 iiiinc
786 1960 878 2021 netes.

205 2041 364 2103 inhibenda
379 2050 477 2104 tomen
494 2053 538 2103 est
554 2062 658 2104 uerum
675 2052 703 2104 et
719 2046 841 2123 eripiam
857 2044 965 2106 scetus,

586 2276 733 2325 CHORVS.

166 2404 185 2436 a
397 2398 505 2459 Verum
523 2400 659 2477 estquod
677 2401 782 2459 cecinit
797 2417 881 2459 sacer

354 2483 488 2544 tirressee
503 2485 558 2544 sub
574 2483 732 2563 Rhodopes
749 2486 825 2559 iugis

272 2791 336 2839 1015
355 2790 477 2853 queritur
494 2788 520 2837 E
544 2788 647 2839 teritur
666 2789 740 2838 NHs.
769 2789 907 2853 quatitur
924 2793 1020 2853 scripsi
1041 2805 1124 2855 prue-

201 2856 251 2907 bet
268 2862 293 2906 A
306 2854 317 2921 ΙΙ
329 2862 407 2907 rotae
426 2870 439 2907 ε
452 2857 477 2905 Α
496 2860 557 2905 rote
576 2856 651 2905 NHs.
665 2851 755 2920 111016
772 2857 884 2921 patiens
896 2856 921 2905 E
939 2856 1049 2921 pallens
1061 2858 1087 2907 A
1106 2858 1121 2920 ΙΙ

202 2924 367 2989 thesiphone
380 2931 403 2987 op
416 2920 427 2989 Η
441 2926 504 2974 1017
523 2925 646 2988 reposcit
661 2924 685 2971 Ε
704 2926 830 2989 poposcit
842 2925 866 2974 A
879 2919 883 2989 Ι
905 2927 969 2975 1020
989 2926 1078 2974 creuit
1096 2926 1123 2974 Ε

202 2994 311 3056 crepuit
329 2993 353 3042 A
366 2988 378 3058 Η
395 2992 518 3041 excussis
538 2992 603 3042 eru
617 2991 692 3043 [Par.
710 2994 831 3041 excessit
849 2993 874 3041 A
894 2989 897 3055 Ι
914 2995 980 3042 1025
1000 2994 1122 3043 erumnis

201 3062 271 3109 mois
283 3060 309 3108 Ε
323 3060 361 3109 G?
381 3060 520 3108 aerumnis
532 3058 608 3109 locus
621 3060 647 3108 A
660 3059 720 3109 loco
733 3060 756 3109 R
766 3076 783 3123 p
796 3059 870 3112 IPal.
887 3061 1053 3110 Germanicus
1063 3062 1124 3111 lae-

201 3132 246 3176 tus
265 3126 340 3177 IPol.
353 3123 443 3194 {11027
462 3127 491 3175 in
509 3128 590 3177 terris
608 3127 634 3175 Ε
653 3129 681 3176 in
699 3143 745 3178 om.
761 3129 785 3177 A
798 3125 810 3193 li
824 3128 888 3178 1028
909 3130 935 3177 ei
954 3128 978 3177 Ε
996 3128 1042 3178 hei
1061 3129 1085 3177 A
1107 3129 1121 3192 Η

204 3197 270 3245 1029
289 3199 316 3245 et
333 3195 359 3244 Ε
379 3198 420 3243 est
438 3195 463 3243 A
486 3190 498 3259 ΙΙ
522 3197 587 3245 1030
606 3195 707 3245 aufero
725 3196 831 3260 Lipsius
849 3212 883 3245 ou
902 3196 999 3246 aufer?
1019 3193 1032 3263 i}
1056 3198 1122 3247 1032

202 3297 293 3346 Matri
312 3313 330 3345 α
348 3311 400 3348 err.
421 3303 474 3359 tpp.
488 3292 499 3361 ii
514 3298 578 3346 1033
616 3272 684 3348 cccii
703 3297 802 3361 surget
820 3296 845 3345 Ε
871 3312 974 3361 peccas
992 3303 1088 3363 surget
1104 3313 1123 3362 9

203 3380 230 3427 p.
249 3366 337 3427 surgit
355 3364 379 3412 A
398 3368 478 3426 urget
498 3364 574 3414 Gron.
592 3313 714 3430 {fecelus
732 3365 757 3413 Ε
775 3365 856 3414 nefas
874 3366 900 3415 A
911 3362 923 3431 11
941 3368 1006 3415 1034
1024 3380 1121 3416 uerum

204 3435 233 3479 et
250 3430 276 3478 Ε
293 3446 388 3480 serum
407 3430 541 3481 LMueller
558 3448 672 3496 pergam
691 3438 720 3483 et
738 3434 762 3482 A
779 3428 791 3498 [l
807 3450 824 3483 a
841 3450 865 3482 u.
881 3435 945 3484 1135
963 3436 1000 3483 ad
1016 3450 1039 3483 u.
1056 3434 1121 3484 1134

201 3496 256 3547 tint
273 3513 362 3547 uersus
380 3499 507 3546 coniuncti
523 3498 548 3546 Ε
570 3495 583 3565 ΙΙ
608 3502 672 3551 1036
690 3500 819 3565 Rodopes
837 3501 896 3550 EA
919 3499 1033 3567 Rodopc
1052 3509 1075 3566 ψ
1099 3498 1111 3567 ΙΙ
