2550 3917
193 166 255 229 114
460 172 499 227 sn.
524 179 657 228 nunant
679 162 837 228 snuncnn

193 340 284 381 unum
299 320 358 380 hoc
373 318 462 379 habet
481 320 597 380 lortuna
613 312 672 398 quo
687 320 797 398 possim
815 321 879 397 capi

191 402 320 465 irinictns
331 403 412 465 aliis:
428 404 489 464 sola
504 411 537 464 tu
551 403 684 465 adlectus
699 411 784 483 potes

192 489 308 551 mollire
323 490 424 557 duros
444 488 506 549 sola
522 490 660 567 pietatem
675 491 705 549 in
721 489 809 549 domo

192 575 300 635 docere
316 582 428 635 nostra.
458 572 499 632 nil
514 589 606 649 graue
621 579 671 633 aut
686 574 827 633 miserum
844 581 888 633 est
901 572 974 639 mihi
1063 616 1065 622 ,

192 660 271 738 quod
288 666 316 719 te
331 660 423 719 sciam
439 656 579 719 uoluisse.
607 665 645 718 tu
661 666 802 718 tantum
819 659 974 735 impera:

13 732 24 753 '
74 766 77 770 ²
157 746 182 804 ε’
237 743 291 803 llic
307 741 438 820 Oedipus
453 760 560 820 aegaea
575 740 739 802 transnabit
754 742 831 802 lretu

192 827 346 887 iubente
361 834 397 887 te
411 825 605 905 flammasque
621 845 694 905 quas
710 826 803 887 siculo
819 828 912 887 uomit

192 912 228 973 de
245 918 345 973 monte
361 909 448 971 tellus
462 914 567 989 igneos
582 910 708 971 uoluens
723 909 836 988 globos,

193 997 319 1075 excipiet
335 1014 387 1056 ore
403 1014 494 1074 seque
509 998 641 1073 serpenti
657 996 762 1056 offeret

191 1098 267 1159 quae
282 1098 371 1141 saeua
386 1079 465 1140 lurto
481 1080 611 1140 nemoris
625 1078 766 1139 herculeo
781 1078 862 1147 lurit,

190 1164 343 1225 iubente
358 1170 393 1224 te
408 1162 564 1241 praebebit
578 1161 697 1223 alitibus
712 1164 803 1233 iecur,

189 1248 343 1309 iubente
360 1255 394 1308 te
408 1245 458 1307 uel
474 1248 562 1308 uiuet.
775 1247 777 1251 ’

532 1383 547 1418 t
634 1383 650 1416 lit
737 1383 753 1417 R

163 1527 180 1560 a
236 1514 341 1561 uvur.
366 1500 541 1576 Exemplum
556 1504 589 1559 in
604 1502 711 1577 ingens
726 1499 806 1577 regia
821 1501 912 1578 stirpe
928 1498 1037 1561 editum
1130 1520 1183 1569 320

191 1584 312 1645 Thebae
327 1593 471 1663 pauentes
486 1602 569 1644 arma
584 1585 717 1644 fraterna
732 1584 874 1643 inuocant

191 1676 357 1748 rogantque
372 1670 457 1729 tectis
473 1685 575 1729 arceas
591 1669 694 1745 patriis
710 1668 798 1729 laces.

192 1772 252 1813 non
268 1754 458 1821 somniuae,
474 1754 532 1813 ianr
548 1754 672 1831 propius
688 1752 811 1813 accessit
825 1751 945 1813 malum.

152 1838 178 1896 a'
234 1836 308 1897 Nam
325 1854 415 1915 regna
432 1844 570 1914 repetens
586 1837 677 1897 lrater
694 1844 723 1898 et
738 1844 838 1913 pactas
854 1839 935 1897 uices

129 1984 139 2002 ,
191 1924 222 1982 in
238 1920 314 1982 bella
331 1929 454 1981 cunctos
469 1922 611 1982 Graeciae
626 1920 753 2000 populos
769 1922 837 1997 agit,

191 2012 311 2084 septena
329 2023 431 2065 muros
446 2012 542 2065 castra
559 2004 703 2065 thebanos
718 2013 869 2083 premunt.

191 2107 348 2158 succurre,
364 2088 491 2167 prohibe
506 2090 618 2165 pariter
634 2098 663 2149 et
678 2087 789 2149 bellum
806 2098 835 2149 et
850 2087 956 2150 scelus.

44 2188 51 2197 ’
160 2185 178 2233 b
237 2186 355 2234 cumr.
379 2173 442 2249 Ego
458 2171 507 2233 ille
523 2190 587 2231 sunr
604 2174 654 2251 qui
671 2174 784 2233 scelera
800 2174 936 2232 conmitti
952 2180 1049 2236 netem
1128 2245 1130 2253 Ι

192 2265 222 2319 et
237 2258 379 2318 abstineri
394 2258 537 2334 sanguine
553 2276 569 2317 a
586 2274 656 2316 caro
673 2272 777 2317 marrus

191 2343 333 2403 doceam?
356 2342 497 2419 magister
511 2342 585 2402 iuris
601 2348 631 2400 et
646 2341 756 2401 amoris
772 2342 812 2420 pii
1128 2361 1182 2410 330

191 2444 246 2504 ego
261 2428 346 2487 sumt
371 2444 505 2486 meorum
523 2424 659 2503 exempla
674 2423 840 2485 facinorum
855 2432 1007 2503 appetunt,

190 2530 239 2571 me
255 2528 335 2571 nunc
350 2520 501 2571 secuntur.
525 2507 613 2569 laudo
629 2517 659 2569 et
675 2526 804 2585 agnosco
819 2508 925 2571 libens.

191 2595 347 2665 exhortor,
370 2594 514 2673 aliquid
538 2601 575 2653 ut
591 2600 700 2671 patre
716 2593 783 2653 hoc
799 2592 1106 2671 dignumgerant.

150 2679 177 2739 b'
232 2682 317 2757 Agite
334 2698 351 2739 o
368 2696 499 2759 propago
516 2694 583 2737 cara
600 2695 775 2754 generosam
791 2676 921 2738 indolem

259 2850 309 2898 313
327 2862 415 2911 angae
434 2846 459 2894 E
520 2837 645 2895 tranauit
657 2846 682 2895 'A
701 2845 861 2896 transnabit
878 2845 928 2895 ER
950 2842 964 2911 ΙΙ
985 2847 1035 2896 ato
1054 2845 1109 2896 sol·
1132 2865 1136 2877 ·

189 2931 259 2966 nens
277 2914 328 2964 ΕΑ
352 2930 419 2967 corr.
439 2930 458 2962 α
527 2915 577 2963 316
600 2913 724 2963 herculei
741 2912 798 2963 EV
817 2912 947 2963 herculeo
965 2914 989 2963 Α
1019 2908 1032 2979 ΙΙ
1059 2916 1109 2967 318

189 2984 304 3033 iubente
321 2986 350 3031 te
368 2982 414 3030 uel
431 2982 510 3030 uiuet
527 2979 577 3045 Ep
595 2983 623 3030 te
636 2981 682 3030 nel
694 2997 741 3031 om.
755 2992 774 3030 ot
794 2976 806 3046 ΙΙ
830 2980 997 3047 Continentur
1014 2995 1109 3047 scaena

189 3055 216 3099 ta
233 3049 266 3098 Ε.
302 3048 421 3110 Nuntius
441 3047 538 3113 edipns
557 3049 689 3111 antigone
708 3048 797 3099 amc
833 3048 957 3099 Nuncius
976 3044 1108 3114 antigone

190 3116 306 3181 edippus
327 3116 354 3165 V
371 3116 495 3166 Nnncius
515 3115 673 3181 edippuslt
701 3116 822 3167 Nuntius
834 3114 956 3181 Oedipus
968 3116 1109 3181 Antigone

188 3187 301 3235 Iocaste
321 3198 340 3232 ot
362 3180 375 3249 Η
402 3185 452 3234 320
469 3183 552 3233 ANT.
571 3184 728 3248 exemplum
747 3185 846 3251 ingens
864 3196 886 3233 r.
907 3182 1065 3235 st.-enitum
1083 3182 1108 3232 E

190 3252 344 3315 exemplum
362 3250 461 3315 ingens
478 3252 520 3300 tn
547 3251 627 3386 rofio
645 3252 730 3317 stirpe
755 3252 828 3301 edite
852 3249 911 3313 (om.
930 3266 973 3300 ex.
993 3252 1063 3316 ing.)
1083 3251 1107 3299 Α

191 3334 234 3369 ex.
253 3320 287 3368 in
305 3319 405 3383 ingens
427 3321 458 3368 ci.
478 3320 553 3383 Lipa.
591 3316 595 3385 l
630 3321 679 3370 322
702 3334 751 3369 an:
774 3321 887 3369 arceat?
916 3315 928 3384 b
961 3320 1011 3369 325
1033 3314 1109 3399 bella

189 3402 259 3437 corr.
279 3402 314 3437 ear
331 3382 406 3437 bello
424 3384 463 3447 E¹
486 3382 500 3456 ΙΙ
527 3389 577 3438 327
596 3387 677 3437 nefas
696 3388 720 3436 A
740 3387 831 3436 scelus
849 3386 874 3434 E
898 3382 910 3451 ΙΙ
933 3386 981 3437 331
1001 3386 1113 3435 faerno.

189 3469 249 3503 rum
267 3453 436 3533 exemplatA
462 3469 505 3506 ex.
524 3454 577 3505 lac.
599 3454 687 3516 Mtte
716 3450 727 3518 Η
756 3456 806 3504 334
825 3453 940 3503 claraA
964 3467 1030 3502 cara
1049 3448 1109 3516 Ell
