2550 3917
424 201 606 271 uanovuns
625 208 788 293 [avesnis]
1024 212 1064 275 31

113 398 131 447 g
191 378 301 425 AMPH.
326 363 401 435 Quid
416 362 465 424 ille
482 382 594 443 opaca
611 364 661 443 qui
676 365 755 440 regit
769 370 887 442 seeptro
903 364 1001 435 ioca,

150 468 205 529 qua
222 450 294 510 sede
310 450 424 527 positus
440 456 586 526 temperat
601 447 728 528 populos
744 448 843 509 leues?

109 542 136 617 g'
192 546 293 594 THES.
318 534 371 594 Est
385 534 414 593 in
430 550 551 593 recessu
567 533 683 593 Tartari
706 533 868 595 obscuro
889 533 1012 605 loeus,

149 638 237 699 quem
254 618 398 697 grauibus
413 616 528 678 umbris
544 619 636 695 spissa
654 617 748 695 caiigo
764 618 881 697 adligat.

114 720 133 769 h
193 703 216 763 Α
234 703 315 763 sonte
331 702 445 763 discors
461 710 560 762 manat
574 702 643 762 hino
658 721 718 762 uno
733 702 825 763 latex:

149 786 223 847 alter
239 790 339 866 quieto
355 787 458 847 similis
477 822 512 831 -
530 786 609 846 huuc
623 788 723 847 iurant
738 787 785 847 dei
802 822 837 832 —

150 880 266 932 tacente
281 890 395 932 sacram
411 871 563 932 deuehens
578 870 670 931 ssuuio
686 872 785 952 Styga.

150 963 178 1017 at
194 957 243 1016 hie
258 956 386 1017 tumultu
402 958 516 1035 rapitur
531 957 646 1032 ingenti
662 956 746 1017 ierox

150 1048 179 1101 et
194 1060 262 1102 saxa
278 1041 370 1102 fluctu
386 1039 480 1101 uoluit
494 1041 630 1101 Acheron
647 1042 746 1101 inuios

150 1127 327 1205 renauigari.

107 1233 137 1291 h'
226 1233 231 1241 ’
359 1209 491 1286 Cingitur
508 1209 616 1287 duplici
633 1209 710 1269 uado

115 1320 118 1327 ·
151 1295 275 1355 aduersa
292 1294 365 1355 Ditis
380 1296 460 1371 regia
477 1302 565 1373 atque
580 1296 686 1371 ingens
701 1294 806 1355 domus

150 1378 308 1439 umbrante
322 1378 390 1439 luco
405 1380 524 1456 tegitur.
564 1381 613 1439 hio
629 1387 716 1440 uasto
730 1397 822 1454 specu

145 1467 282 1541 pendent
297 1468 423 1541 tyranni
435 1466 541 1523 limina
579 1464 636 1523 hoe
651 1462 765 1523 umbris
780 1467 846 1534 iter,

150 1549 223 1609 haee
239 1556 324 1628 porta
339 1550 435 1624 regui.
466 1566 588 1626 campus
602 1548 680 1608 hano
696 1549 773 1608 eirea
788 1549 865 1608 iacet

150 1635 179 1692 in
196 1651 256 1713 quo
272 1632 404 1711 superbo
420 1633 527 1710 digerit
542 1632 625 1692 uultu
642 1632 749 1693 sedens
842 1633 847 1641 '

150 1719 262 1777 animas
276 1723 422 1778 recentes.

105 1800 142 1859 h¹¹
454 1800 521 1861 Dira
538 1802 676 1862 maiestas
691 1801 738 1861 dei

152 1886 235 1946 frons
250 1892 337 1946 torua
354 1886 570 1963 fratrumquae
586 1894 684 1945 tamen
700 1886 819 1964 speeien
835 1893 920 1963 gerat

152 1972 306 2049 gentisque
324 1978 430 2031 tantae.
460 1968 559 2030 uultus
575 1980 619 2031 est
635 1970 676 2030 iiii
691 1970 769 2051 iouis

151 2055 202 2115 sed
219 2054 410 2115 fulminantis.
442 2071 548 2131 magna
565 2072 634 2133 pars
651 2058 735 2132 regni
751 2056 843 2117 trucis

152 2146 195 2199 est
210 2140 273 2218 ipse
290 2140 426 2200 dominus
442 2140 524 2199 ouius
540 2141 695 2216 adspectus
719 2143 802 2199 timet

151 2224 291 2303 quicquid
306 2225 436 2284 timetur.

111 2331 133 2379 50
194 2322 303 2368 AMPH.
508 2310 623 2369 Verane
639 2316 684 2368 est
700 2310 775 2368 fama
792 2308 895 2369 inieris

155 2400 212 2453 tam
229 2410 294 2452 sera
310 2392 394 2452 reddi
411 2394 474 2451 iura
492 2400 520 2453 et
536 2392 642 2453 oblitos
657 2393 702 2453 sui

154 2476 275 2537 sceleris
291 2484 432 2537 nocentes
448 2476 561 2538 debitas
575 2495 688 2554 poenas
703 2478 792 2538 daret

156 2563 220 2639 quis
236 2562 291 2621 iste
308 2562 372 2621 ueri
387 2568 488 2622 rector
503 2570 590 2639 atque
607 2566 693 2641 aequi
709 2562 840 2623 arhiteri
867 2629 870 2636 ,

121 2658 138 2714 t'
191 2658 291 2706 unns
315 2645 380 2706 Non
396 2663 472 2707 unus
488 2645 544 2706 alta
560 2648 630 2708 sede
645 2650 795 2727 quaesitor
810 2647 917 2709 sedens
1087 2665 1137 2716 aas

156 2730 262 2791 iudicia
278 2730 403 2809 trepidis
418 2748 484 2791 sera
500 2733 623 2792 sortitur
638 2734 706 2792 reis.

155 2816 253 2876 aditur
266 2813 317 2875 ilio
334 2816 456 2893 gnosius
471 2816 567 2875 Minos
583 2816 658 2885 soro,

153 2899 396 2960 Rhadamanthus
411 2899 475 2967 illo,
493 2900 624 2961 Thetidis
640 2901 698 2961 hoc
714 2900 793 2962 audit
807 2917 902 2960 socer.

220 3070 270 3119 713
289 3083 403 3119 recessu
416 3068 456 3119 εΑ
475 3084 588 3121 secessu
603 3072 652 3131 Vua
672 3067 684 3135 Η
707 3071 757 3120 715
775 3069 877 3120 dissors
889 3069 926 3119 E’
949 3066 960 3135 il
983 3071 1069 3135 primo

153 3136 241 3187 Eimo
259 3138 318 3186 AV
337 3132 349 3202 Η
379 3138 428 3186 716
447 3141 509 3187 ater
526 3138 551 3187 A
575 3134 586 3204 Η
610 3139 658 3187 721
677 3152 764 3201 regna
787 3138 812 3187 V
833 3134 847 3203 [Ι
874 3140 923 3188 722
941 3139 1070 3187 uibrante

157 3203 189 3253 12¹
223 3200 236 3270 ιι
270 3200 333 3255 raab
356 3205 417 3255 773ι
439 3206 523 3254 aereus
555 3200 566 3271 tl
600 3207 650 3255 rea
673 3204 719 3254 me
740 3202 773 3253 V¹
810 3204 940 3255 naono.
975 3202 986 3271 p
1021 3207 1071 3256 774

154 3286 334 3390 iimpuiiip
335 3274 567 3405 ii1'¹i''⁸²i'e”0⁰i‘}i
585 3274 617 3405 ii
635 3269 1071 3389 titttt‘tih.¹¹d²¹¹?.htd

158 3405 190 3455 V¹
254 3410 304 3459 730
329 3408 549 3472 aspectusEVap
569 3356 748 3472 aspectumlrjt
772 3402 784 3473 Η
807 3410 856 3458 731
875 3356 985 3471 φύοῳξὶ
1003 3406 1028 3454 Ε

154 3477 202 3594 71ξέ
219 3474 456 3607 ppostpp)wfertnr
480 3476 559 3525 With.
585 3470 596 3541 ΙΙ
620 3477 668 3525 737
688 3474 780 3524 editur
797 3474 822 3523 E
848 3474 959 3523 auditur
974 3473 1023 3523 VA

1091 3455 1095 3463 x
