2550 3917
423 254 606 302 nsscvnus
623 239 815 323 [cursuve]
1006 238 1074 302 ‘451

243 412 351 473 nempe
365 392 483 455 Alcides
498 392 632 456 mortalis
647 392 710 453 obit

244 497 352 556 nempe
367 477 512 557 sepultus.
542 479 681 557 quotiens
695 477 761 539 telis

220 601 227 606 ›
243 562 418 641 facibusque
434 565 493 624 tuis
508 561 557 623 ille
572 564 717 642 pepercit.

242 649 378 728 quqtiens
393 648 470 726 ignis
485 648 671 726 spargendus
687 657 760 708 erat.
844 708 847 714 ,

241 734 270 792 in
287 752 335 794 me
350 731 453 794 saltem
469 731 599 793 iaculare
616 732 710 793 lacem

243 816 439 894 Semelenque
454 827 534 895 puta.

284 986 384 1047 Iamne
400 984 539 1065 elysias
554 1004 572 1044 c
587 996 655 1047 nate
671 986 814 1056 domne,

243 1072 300 1130 iam
316 1070 386 1131 litus
400 1069 512 1131 habes?

242 1155 278 1215 ad
295 1174 370 1233 ques
385 1153 510 1235 populos
527 1187 669 1201 ·····
686 1188 728 1197 —
922 1167 943 1209 r.
960 1167 1042 1209 1111111
1098 1167 1161 1215 1925

243 1248 346 1301 natura
363 1240 467 1299 necat?
671 1288 674 1293 .

242 1342 279 1385 an
295 1331 363 1403 post
377 1335 497 1403 raptum
512 1324 583 1402 Styx
600 1332 663 1385 atra
678 1341 781 1386 canem

244 1441 384 1455 ·····
401 1443 443 1453 —
459 1408 618 1488 praeclusit
632 1410 689 1469 iter

243 1501 329 1573 teque
344 1495 374 1552 in
389 1495 487 1572 prime
502 1493 602 1553 limine
618 1493 692 1553 Ditis

242 1578 299 1638 lata
316 1579 491 1638 morantur?

283 1747 353 1818 Quis
368 1765 448 1807 nunc
463 1746 614 1808 umbras
628 1756 698 1807 nate
714 1746 856 1807 tumultus

241 1849 431 1909 manesque
445 1832 545 1891 teneti

242 1915 317 1993 lngit
332 1914 459 1977 abducta
475 1916 574 1976 nauita
589 1914 697 1977 cumba

241 2007 270 2061 et
284 2000 439 2061 Centauris
453 2000 583 2062 thessala
598 2002 687 2061 motis

241 2086 309 2146 ierit
324 2088 465 2145 attonitos
479 2084 590 2162 ungula
607 2104 712 2147 manes

242 2187 412 2247 anguesque
427 2187 498 2230 suos

241 2254 333 2333 hydra
349 2253 404 2315 sub
420 2254 514 2315 undas
529 2255 632 2314 territa
649 2256 753 2315 mersit

240 2347 329 2417 teque
344 2337 462 2399 labores
477 2358 495 2399 c
511 2347 579 2399 nate
593 2340 742 2400 timent?

283 2506 383 2568 Fallor
399 2506 485 2567 lallcr
499 2525 627 2568 caesana
643 2506 745 2568 lnrens

239 2608 296 2652 nec
312 2602 340 2653 te
356 2610 481 2651 manes
496 2591 725 2669 umbraeque
740 2594 887 2653 timent:
1094 2603 1163 2652 1940

241 2693 301 2735 nan
316 2675 448 2755 argolico
463 2684 546 2753 rapta
563 2676 641 2737 leoni

225 2899 289 2946 1917
307 2896 434 2945 mortalis
452 2909 477 2946 ο.
497 2911 523 2944 n.
544 2896 671 2961 sepultus
688 2896 752 2945 haec
769 2910 815 2945 om.
832 2911 851 2961 9
867 2889 879 2961 ll
896 2894 957 2944 abit
975 2896 1000 2944 Ε
1018 2896 1077 2945 obit

155 2965 180 3013 A
201 2959 214 3029 ΙΙ
235 2965 300 3014 1918
319 2965 427 3013 totiens
447 2963 499 3013 GR.
511 2958 628 3029 lintellis
647 2963 672 3012 E
690 2963 754 3013 telis
772 2965 797 3013 A
816 2965 948 3027 quociens
966 2962 1049 3013 tellus
1069 2966 1073 3027 Ι
1158 2996 1160 3000 v

154 3032 258 3096 Nempe
278 3030 383 3081 alcides
400 3029 497 3081 meilis
515 3030 575 3080 obit
590 3026 710 3097 9111922
728 3036 805 3080 tuam
823 3030 849 3079 Ε
867 3034 935 3096 puts
948 3032 971 3079 A
985 3027 997 3097 ΙΙ
1010 3034 1078 3083 1925

155 3102 196 3150 Aa
213 3099 286 3163 quod
304 3098 384 3163 (quos
403 3106 421 3149 t.
436 3100 512 3149 NHs.
526 3105 552 3147 et
562 3099 601 3147 sic
611 3099 639 3163 p)
659 3098 774 3163 populos
790 3096 794 3159 Ι
809 3098 851 3147 An
864 3102 929 3163 post
941 3103 1050 3162 raptum
1071 3100 1077 3161 Ι

153 3200 263 3250 Natura
279 3204 377 3250 uuest
403 3198 407 3264 Ι
434 3200 504 3263 Styx
522 3174 570 3249 atla
588 3200 614 3259 (1
630 3214 673 3262 pr.
692 3198 735 3260 m.)
760 3214 857 3248 cenem
875 3198 979 3264 pelusii
996 3199 1051 3249 iter
1070 3200 1074 3261 l

155 3268 250 3331 Teque
262 3273 310 3317 ete.
329 3267 356 3316 Ε
373 3268 433 3317 Iam
451 3268 469 3318 l.
488 3268 526 3328 ln,
546 3266 582 3317 ed
601 3266 672 3331 quod
690 3266 805 3331 populos
820 3266 825 3327 1
840 3267 948 3317 Natura
966 3270 1077 3317 uocet?

156 3350 192 3384 cn
209 3339 273 3399 post
290 3340 400 3399 raptum
416 3338 421 3395 Ι
436 3335 505 3399 Styx
522 3340 586 3385 atra
604 3349 702 3385 canem
721 3333 874 3399 praeclusit
891 3335 945 3383 iter
960 3332 964 3400 Ι
980 3334 1075 3398 Teque

155 3410 204 3455 etc.
222 3403 247 3452 A
272 3398 284 3469 ΙΙ
307 3404 357 3453 duo
374 3404 497 3468 strophae
516 3395 541 3451 d'
559 3402 718 3453 hemistichia
735 3404 854 3453 uideatur
876 3403 1039 3452 intercidisse
1060 3402 1072 3464 ΙΙ

156 3472 221 3521 1931
247 3468 297 3519 sub
321 3470 410 3520 undas
431 3470 494 3535 Εψ
525 3471 575 3521 sub
597 3470 690 3520 undis
709 3484 727 3519 α
756 3466 767 3535 ll
798 3471 864 3521 1999
886 3470 982 3520 Fallet
999 3474 1078 3520 semet

155 3538 180 3587 Ε
191 3534 204 3605 Ι]
215 3538 312 3589 furens
330 3537 356 3586 Ε
374 3554 475 3603 parens
494 3539 519 3587 A
531 3535 544 3604 ΙΙ
556 3540 623 3591 lem
640 3540 737 3589 tenent
755 3538 780 3586 Ε
799 3538 897 3593 liment
915 3538 939 3589 A
964 3534 975 3605 ΙΙ

802 3619 871 3684 29*
