2550 3917
533 217 683 266 OEDIPVS

111 379 129 413 e
195 355 334 416 Subsedit
349 357 445 415 omnis
460 355 533 416 silua
551 365 578 416 et
595 358 689 417 erexit
704 375 812 419 comas.

150 439 263 500 duxere
279 442 370 501 rimas
385 440 493 500 robora
510 449 539 500 et
552 448 648 501 totum
666 461 769 502 neruus

149 526 300 585 concussit
315 525 438 594 horror,
457 532 558 585 terra
574 543 611 586 se
627 536 730 587 retro
746 529 849 587 dedit

149 611 322 688 gemuitque
338 611 473 688 penitus:
497 611 560 671 siue
575 615 715 688 temptari
730 611 862 672 abditum

148 693 287 754 Acheron
302 693 483 771 protundum
501 701 598 754 mente
614 713 674 755 non
691 715 783 775 aequa
801 696 864 757 tulit

148 779 213 839 siue
228 780 291 857 ipsa
307 777 408 847 telina,
425 786 458 838 nt
473 779 558 839 daret
572 781 682 840 iunctis
699 783 791 850 niarn,

148 881 283 942 conpage
299 870 385 941 rupta
400 865 498 924 sonuit
515 871 564 923 aut
578 865 621 923 ira
639 865 740 924 lunens

146 948 258 1025 triceps
275 957 393 1008 catenas
409 947 558 1008 Cerberus
573 951 666 1008 mouit
681 965 798 1026 granea.

108 1030 133 1088 e'
192 1031 296 1093 Subito
313 1032 476 1091 dehiscit
491 1040 592 1093 terra
609 1041 639 1093 et
653 1036 787 1094 inmenso
803 1036 867 1095 sinu

146 1115 245 1177 laxata
261 1119 362 1195 patuit.
393 1118 457 1193 ipse
472 1125 625 1195 torpentes
641 1118 722 1179 lacus

147 1200 209 1260 uidi
224 1202 301 1261 inter
318 1199 451 1270 umbras,
468 1202 531 1278 ipse
547 1201 689 1279 pallentes
705 1203 776 1263 deos

148 1292 328 1363 noctemque
344 1303 455 1346 ueram.
487 1285 601 1363 gelidus
615 1289 645 1346 in
661 1290 747 1348 uenis
762 1291 841 1349 stetit

145 1369 303 1448 haesitque
318 1371 446 1447 sanguis.
478 1388 566 1431 saeua
582 1371 718 1449 prosiluit
733 1373 840 1433 cohors

146 1461 178 1512 et
191 1455 272 1514 stetit
288 1457 316 1514 in
333 1457 424 1515 arinis
439 1472 527 1515 omne
543 1457 697 1532 uipereurn
713 1474 806 1534 genus

145 1539 272 1598 fratrum
289 1547 428 1599 cateruae
443 1540 532 1599 dente
548 1540 666 1600 dircaeo
683 1548 763 1601 satae

145 1622 327 1702 auidnmque
344 1624 446 1702 populi
462 1626 554 1702 pestis
569 1626 666 1702 ogygii
682 1625 803 1686 malurn.

105 1706 131 1764 d'
188 1707 266 1768 Turn
282 1719 367 1767 torua
384 1708 489 1787 Erinys
505 1710 603 1768 sonuit
618 1718 647 1768 et
663 1727 768 1770 caecus
785 1710 868 1771 luror

144 1792 314 1870 horrorque
330 1799 360 1851 et
373 1811 432 1853 una
448 1794 587 1872 quicquid
604 1801 743 1854 aeternae
760 1805 862 1855 creant

145 1876 303 1954 celantque
319 1877 475 1937 tenebrae:
498 1877 596 1937 luctus
611 1878 743 1939 auellens
760 1898 874 1941 coruom

144 1979 295 2040 aegreque
311 1962 419 2022 lassum
437 1963 585 2023 sustinens
601 1964 723 2023 rnorbus
739 1974 827 2042 caput

143 2048 246 2123 grauis
262 2056 399 2107 senectus
415 2047 531 2107 sibimet
547 2055 576 2107 et
591 2048 725 2125 pendens
741 2057 845 2108 metus.

108 2127 142 2186 d'
186 2130 248 2190 Nos
263 2129 349 2208 liquit
364 2133 489 2192 animus.
520 2134 584 2210 ipsa
600 2151 676 2211 quae
692 2135 765 2192 ritus
780 2136 860 2193 senis
891 2179 894 2184 .

143 2225 284 2293 artesque
300 2224 402 2284 norat,
419 2217 540 2295 stupuit.
572 2218 737 2295 intrepidus
753 2236 862 2297 parens

143 2299 300 2378 audaxque
316 2299 423 2359 damno
439 2308 584 2360 conuocat
599 2301 671 2361 llitis
687 2303 742 2362 leri

142 2401 280 2460 exangue
297 2384 414 2461 uulgus.
445 2384 512 2444 ilico
527 2394 561 2444 nt
575 2385 703 2446 nebulae
718 2385 800 2447 leues

142 2467 269 2528 uolitant
284 2475 313 2528 et
328 2487 416 2528 auras
431 2468 526 2529 libero
542 2470 623 2529 caelo
639 2471 770 2530 trahunt.

108 2574 124 2606 c
186 2552 264 2612 Non
281 2561 334 2613 tot
351 2553 477 2613 caducas
493 2554 599 2613 educat
615 2555 736 2615 frondes
751 2555 829 2635 Eryx

142 2655 211 2696 uec
227 2655 300 2698 uere
315 2637 404 2698 liores
420 2637 513 2716 Hybla
528 2647 583 2699 tot
598 2639 696 2700 medio
712 2650 807 2709 creat,

143 2739 212 2781 cum
229 2740 353 2782 examen
369 2729 436 2783 atro
452 2725 579 2783 nectitur
594 2725 719 2784 densurn
736 2724 839 2800 giobo,

142 2805 311 2883 fluctusque
327 2824 398 2867 non
414 2814 468 2866 tot
484 2809 592 2884 frangit
607 2810 719 2868 ionium
737 2827 827 2869 mare.

104 2885 129 2942 c'
186 2891 259 2950 Nec
276 2899 380 2950 tanta
395 2891 484 2968 gelidi
501 2893 666 2971 Strymonis
682 2893 798 2970 lugiens
815 2895 907 2954 minas

209 3161 260 3210 687
279 3175 372 3210 comas
391 3160 416 3209 E
449 3175 553 3211 cornum
572 3163 597 3210 A
626 3158 639 3226 11
668 3162 718 3211 590
736 3161 856 3212 obditam
876 3178 895 3211 oc
912 3179 965 3212 err.
980 3171 1033 3226 app.
1051 3160 1060 3229 ll

141 3226 193 3276 596
209 3230 353 3291 torpentes
372 3228 450 3278 lacus
468 3229 493 3278 Ε
510 3229 649 3292 pallentes
672 3229 738 3279 deos
757 3232 781 3278 A
811 3227 823 3295 ΙΙ
852 3232 900 3281 697
919 3230 1059 3295 pallentes

141 3292 207 3343 deos
219 3294 245 3342 Ε
263 3300 407 3360 torpentes
420 3297 498 3346 lacus
511 3297 536 3345 A
548 3293 561 3362 ΙΙ
572 3299 622 3348 698
635 3297 715 3346 stetit
727 3305 750 3362 ψ
762 3294 774 3363 Η
785 3299 836 3348 603
848 3299 916 3347 Tum
930 3303 1024 3361 totaqt
1044 3300 1058 3364 ΙΙ

141 3363 191 3410 606
208 3361 314 3412 lassum
332 3363 381 3428 Εψ
399 3364 505 3428 lapsum
524 3365 549 3413 A
578 3361 590 3429 ΙΙ
619 3365 779 3429 sustineto
807 3362 820 3432 ΙΙ
848 3366 897 3416 613
910 3366 990 3430 Eryx
1007 3366 1058 3416 EA

141 3425 232 3479 Oethe
250 3434 293 3480 uel
310 3431 375 3481 etha
393 3435 434 3482 uel
455 3431 606 3497 Oetheaq
635 3430 647 3498 ΙΙ
675 3433 725 3482 616
748 3433 805 3482 alto
823 3450 845 3484 ω
873 3438 947 3484 etro
965 3437 1062 3498 scripsi

142 3501 211 3546 arto
230 3498 276 3548 Gli
288 3494 300 3564 ll
312 3499 362 3548 616
379 3499 470 3550 ionius
488 3500 513 3549 E
523 3496 537 3566 ss
547 3501 597 3550 617
616 3501 773 3563 strynnonie
792 3497 842 3567 ΕΗ
