2550 3917
559 229 727 276 PHAEDRA

183 368 359 446 clarumque
375 367 448 429 caeli
464 368 545 428 sidus
561 377 591 429 et
605 370 700 428 noctis
716 368 807 428 decus

182 457 268 515 euius
282 454 397 514 relucet
412 453 539 514 mundus
555 453 668 513 alterna
683 453 764 521 uice,

181 539 292 599 Hecate
307 539 451 598 triformis
467 557 504 598 en
520 538 589 598 ades
605 538 717 617 coeptis
733 536 845 612 fauens,

182 625 341 683 animum
357 624 503 699 rigentem
518 624 611 684 tristis
626 621 775 700 Hippolyti
790 622 868 682 dom
878 640 904 682 a.

182 726 283 768 amare
298 707 391 767 diseat
407 716 526 768 mutuos
541 709 625 784 ignes
641 707 717 766 lerat

181 792 230 851 det
246 791 339 852 facilis
354 811 451 853 aures.
481 794 581 870 mitiga
597 799 701 869 pectus
717 791 824 852 lerum.

137 877 167 935 b'
222 877 373 936 lnoerte
387 883 560 944 mentem,
577 884 681 936 toruos
696 893 819 952 auersus
835 875 916 936 lerox
1084 885 1202 939 nuatum

180 963 209 1020 in
225 963 289 1020 iura
304 961 426 1021 Veneris
440 961 552 1021 redeat.
584 961 643 1020 huo
659 961 739 1020 uires
755 968 819 1020 tuas
984 973 1006 1013 r.
1022 971 1101 1014 mxu
1118 972 1169 1020 425

179 1045 311 1106 intende.
344 1047 387 1106 sie
402 1053 430 1106 te
447 1044 538 1105 lucidi
554 1045 654 1105 uultus
669 1044 767 1104 lerant

179 1139 210 1190 et
226 1128 305 1190 nube
320 1137 406 1207 rupta
422 1130 564 1190 cornibus
578 1131 663 1208 puris
679 1147 743 1197 eas,

180 1215 223 1274 sic
238 1222 266 1274 te
281 1222 435 1291 regentem
451 1215 535 1274 lrena
552 1215 690 1274 nocturni
705 1215 832 1274 aetheris

179 1298 340 1360 detrahere
355 1317 518 1376 numquam
533 1298 653 1358 thessali
670 1307 773 1358 cantus
788 1306 897 1376 queant

179 1382 338 1461 nullusque
355 1383 392 1443 de
409 1393 439 1444 te
454 1381 576 1460 gloriam
591 1392 696 1462 pastor
711 1383 795 1442 ierat.

144 1490 162 1523 o
224 1467 303 1528 Ades
317 1469 463 1528 inuncata.
493 1470 553 1528 iam
569 1467 649 1528 lauet
666 1469 743 1530 uotis
759 1467 829 1527 dea:

179 1554 278 1629 ipsum
293 1554 394 1612 intuor
409 1552 544 1612 solemne
560 1561 753 1613 uenerantem
770 1570 886 1611 sacrum

179 1635 262 1696 nullo
277 1635 355 1697 latus
371 1639 540 1697 eomitante.
571 1637 641 1714 quid
657 1635 793 1696 dubitas?
816 1636 896 1696 dedit

179 1730 298 1797 tempus
313 1720 472 1798 locumque
487 1739 588 1781 casus:
612 1721 754 1782 utendum
770 1723 893 1781 artibus.

139 1802 165 1861 α’
222 1805 435 1884 Trepidamus?
456 1805 535 1866 haud
553 1812 597 1866 est
616 1805 700 1866 laoile
716 1804 886 1867 mandatum
903 1806 1000 1867 scelus
1117 1817 1167 1868 435

178 1889 305 1958 audere,
331 1909 434 1950 uerum
451 1893 526 1950 iusta
542 1891 592 1967 qui
608 1909 695 1968 reges
711 1892 795 1950 timet

171 1975 324 2051 deponat,
348 1993 436 2035 omne
451 1974 541 2053 pellat
556 1994 591 2035 ex
610 1979 708 2035 animo
725 1976 831 2035 decus:

177 2057 275 2119 malus
291 2065 338 2120 est
351 2060 488 2120 minister
502 2062 578 2136 regii
593 2061 711 2138 imperii
726 2059 831 2136 pudor.

142 2150 161 2198 u
224 2157 317 2204 ΗΙΡΡ.
343 2143 417 2213 Quid
434 2144 493 2204 huo
508 2143 616 2204 seniles
632 2145 710 2203 fessa
727 2143 839 2204 moliris
855 2144 963 2222 gradus
1066 2203 1078 2220 ‚

179 2247 198 2287 o
217 2228 273 2287 lida
289 2230 389 2289 nutrix
405 2228 553 2289 turbidam
570 2230 701 2288 lrontem
718 2246 826 2306 gerens
1117 2241 1167 2290 440

180 2320 212 2372 et
227 2321 338 2374 maesta
355 2312 475 2373 uultus?
498 2331 601 2391 sospes
617 2322 663 2374 est
678 2322 758 2372 certe
773 2331 882 2392 pareus

180 2414 345 2476 sospesque
360 2398 494 2459 Phaedra
512 2400 612 2476 stirpis
628 2406 658 2458 et
673 2399 808 2474 geminae
825 2399 934 2474 iugum.

138 2479 164 2536 d'
220 2494 322 2542 uvrss.
347 2483 442 2544 Metus
456 2484 590 2542 remitte:
612 2499 759 2561 prospero
776 2500 900 2559 regnum
917 2484 945 2542 in
962 2491 1038 2544 statu
1056 2493 1099 2544 est

178 2566 344 2642 domusque
358 2566 471 2628 llorens
485 2578 566 2626 sorte
581 2567 661 2627 felici
676 2569 766 2644 uiget.

178 2650 231 2709 sed
246 2656 277 2710 tu
294 2651 388 2713 beatis
403 2654 502 2711 mitior
518 2650 609 2712 rebus
623 2652 707 2711 ueni:
756 2685 759 2689 -
1113 2664 1164 2713 445

178 2752 308 2812 namque
323 2738 439 2796 anxiam
456 2754 503 2795 me
518 2754 589 2796 eura
605 2735 745 2796 sollicitat
760 2737 811 2795 tui.
1094 2747 1098 2754 '

179 2816 280 2898 [quod
294 2829 322 2879 te
337 2824 402 2896 epse
412 2825 520 2897 poenis
532 2823 681 2894 prouidus
696 2821 824 2893 infestus
839 2818 970 2900 domus]

145 2925 160 2958 e
222 2902 315 2972 Quem
333 2904 391 2964 lata
410 2913 519 2981 coguut
535 2903 584 2964 ille
604 2923 671 2964 rrrm
688 2906 774 2963 uenia
791 2914 834 2964 est
851 2907 954 2974 miser,

245 3107 296 3155 419
317 3107 381 3156 fune
402 3108 425 3154 A
444 3108 507 3156 uine
526 3103 642 3172 Ε11420
662 3106 782 3156 aenudes
796 3108 820 3155 E
839 3107 887 3169 (an
901 3106 966 3156 ades
985 3116 1002 3156 t.
1018 3110 1065 3158 Hs.
1088 3106 1098 3175 ll

176 3173 227 3221 422
239 3175 332 3238 lepitur
343 3177 370 3223 in
383 3173 408 3222 Ε
418 3182 478 3238 post
490 3192 514 3224 u.
528 3178 583 3224 423
596 3171 669 3240 [1424
686 3178 797 3223 innecte
811 3185 848 3238 εψ
866 3175 972 3225 inuerte
985 3177 1010 3226 A
1022 3172 1033 3242 ll
1046 3178 1094 3227 431

177 3238 242 3288 fone
260 3240 295 3290 Ε1
319 3242 399 3291 foues
418 3258 437 3290 α
454 3243 533 3291 fauet
551 3241 616 3304 E³u
638 3239 650 3307 ΙΙ
668 3245 718 3292 436
736 3243 812 3292 iussa
830 3244 877 3306 qui
895 3245 971 3306 regis
990 3245 1070 3294 timet
1088 3242 1096 3309 l

175 3308 226 3359 437
245 3308 367 3373 deponat
379 3325 459 3359 omne
478 3316 506 3360 et
517 3310 606 3374 pellat
625 3325 648 3358 e.
663 3325 690 3359 a.
704 3309 728 3358 d.
747 3311 860 3363 oi.NHs.
874 3307 886 3376 ΙΙ
898 3312 947 3358 446
968 3315 1095 3361 anxiame

176 3375 201 3422 E
209 3373 223 3441 ΙΙ
238 3378 289 3426 447
301 3377 396 3427 domas
409 3378 435 3425 Ε
451 3379 592 3429 Vossianus
610 3391 711 3442 granas
725 3378 748 3425 A
768 3393 867 3427 uersum
884 3379 1013 3427 damnauit
1031 3379 1096 3428 Soa·

175 3446 240 3508 liper
250 3441 326 3509 11448
343 3445 388 3494 hio
408 3445 515 3509 quidem
535 3447 614 3494 uiaret
633 3446 714 3493 miser
733 3447 758 3493 A
765 3444 802 3492 Ε3
821 3449 857 3494 ad
867 3461 946 3509 morp.
966 3447 1014 3496 ille
1034 3461 1095 3496 eum

174 3512 257 3561 uenio
276 3517 319 3561 est
335 3514 418 3562 miser
436 3514 460 3561 Ε
482 3510 494 3578 11
