2550 3917
483 197 665 247 uuncvnus
682 183 871 266 [ouunuvs]
1073 181 1138 246 375

262 339 312 402 uel
327 342 357 401 in
373 339 482 401 edonas
497 337 588 399 tollite
604 338 722 399 siluas

265 424 357 504 qualis
372 431 471 486 natum
489 422 600 484 daulias
615 423 692 484 ales

264 509 338 572 solet
352 510 472 571 ismarla
487 508 560 569 llere
575 508 630 568 sub
647 507 763 570 umbra.

263 595 414 655 formam
430 593 561 654 lacrimis
577 599 705 672 aptate
721 595 795 653 meis

264 685 471 757 resonetque
487 677 570 738 malis
586 694 692 755 aspera
707 676 846 737 Trachin.

118 849 126 858 '
200 846 218 866 '¹
309 847 430 927 Cyprias
444 846 581 907 lacrimas
597 846 716 926 Myrrha
733 854 848 914 tuetur,

263 940 378 1011 raptum
395 933 523 992 coniunx
540 931 634 1011 Ceyca
650 932 757 1010 gemit,

264 1016 317 1078 sibi
332 1016 463 1077 Tantalis
476 1023 521 1076 est
534 1017 610 1076 laeta
627 1024 794 1094 superstes,

264 1102 337 1177 sugit
352 1100 452 1161 uultus
466 1098 628 1161 Philomela
644 1118 715 1161 suos

264 1194 422 1264 natumque
437 1192 545 1245 sonat
559 1184 666 1246 flebilis
681 1185 784 1246 Atthis.

264 1288 317 1330 our
332 1288 396 1330 mea
412 1269 544 1330 noudum

264 1356 381 1431 capiunt
394 1353 533 1415 uolueies
547 1354 687 1416 bracchia
703 1353 838 1433 plumas?

263 1439 330 1500 lelix
345 1438 415 1500 felix

263 1541 329 1584 ourn
346 1523 443 1583 silua
459 1522 564 1584 domus
579 1530 682 1583 nostra
696 1524 811 1584 leretur

262 1609 416 1686 patrioque
432 1607 538 1670 sedens
553 1607 679 1669 alesin
695 1626 767 1683 agro

262 1693 389 1753 referam
405 1691 530 1772 querulo
546 1711 700 1754 murmure
715 1708 800 1753 casus

262 1776 529 1853 uolucrumque
545 1776 647 1838 lolen
663 1777 740 1838 tama
757 1776 904 1854 loquetur.

307 1946 371 2005 Vidi
385 1945 445 2005 uidi

263 2028 429 2090 miseranda
446 2029 593 2090 molleta
609 2030 795 2107 parentis,

264 2132 329 2174 eunt
346 2114 462 2174 letifero
479 2116 578 2192 stipite
593 2113 697 2193 pulsus

263 2206 320 2259 tota
337 2200 426 2259 iacuit
440 2215 560 2276 sparsus
576 2199 604 2257 in
621 2198 697 2259 aula.

262 2301 317 2360 pro
332 2285 357 2343 si
372 2282 516 2344 tumulum
533 2283 591 2344 lata
607 2284 772 2353 dedissent,

262 2369 398 2445 quotiens
413 2369 531 2444 genitor
547 2367 736 2445 quaerendus
752 2386 827 2428 oras.

204 2540 211 2558 '
307 2537 431 2597 Potuiue
446 2543 525 2596 tuam
542 2543 677 2614 spectare
692 2554 796 2597 necem

261 2621 393 2681 nondum
408 2629 526 2681 teneras
542 2623 647 2682 uestite
664 2637 756 2697 genas

218 2833 424 2842 ..------

287 2979 336 3027 192
361 2975 475 3026 edonias
493 2975 544 3026 EA
574 2975 678 3026 edonas
696 2975 751 3025 Et.
767 2978 845 3028 Gran.
875 2972 887 3042 [l
914 2976 1053 3041 pouiteE
1083 2977 1138 3026 tol-

216 3045 267 3094 lite
287 3045 312 3093 A
335 3039 347 3109 11
372 3046 420 3094 193
439 3043 548 3094 daulias
566 3043 617 3093 ΕΑ
636 3043 755 3094 dauniae
772 3054 796 3109 ψ
816 3040 828 3111 [Ι
853 3046 900 3094 197
920 3043 1023 3108 Cypria
1041 3043 1066 3092 E
1085 3043 1137 3108 Cy-

217 3113 293 3178 prias
306 3112 330 3161 A
343 3107 355 3178 Ι]
367 3111 475 3176 myrtha
488 3111 513 3159 E
524 3107 598 3178 [1200
610 3111 742 3175 fylomela
755 3112 780 3160 E
791 3112 950 3177 philomeno
963 3119 986 3175 ψ
999 3127 1069 3161 eurr.
1083 3128 1102 3160 α
1121 3112 1134 3173 ΙΙ

217 3216 267 3264 201
292 3213 377 3265 atton
395 3215 420 3264 n
449 3215 521 3276 nym
538 3214 564 3263 A
593 3208 606 3275 [Ι
635 3214 685 3262 eoo
703 3189 784 3264 sauls
803 3213 827 3261 a
855 3210 867 3280 u
900 3216 950 3264 aoa
969 3227 1050 3262 casus
1068 3213 1134 3262 unu

218 3286 332 3346 questus
351 3283 377 3332 A
397 3283 409 3347 {l
429 3282 573 3333 teutonia
590 3280 616 3328 E
633 3283 676 3330 ‘in
692 3286 762 3331 meo’
781 3282 887 3344 Lipsiae
909 3280 991 3346 (quod
1007 3283 1039 3331 de
1060 3279 1133 3330 Orte·

217 3353 285 3400 liano
310 3366 359 3416 quo
383 3352 458 3400 etiam
480 3350 669 3414 Raplelenyiuo
691 3355 731 3397 eet
751 3365 822 3407 neue,
846 3365 896 3399 non
919 3351 951 3399 de
973 3348 1014 3398 Ml
1036 3351 1133 3398 intelle·

217 3417 336 3482 gendum)
355 3417 437 3470 turba
454 3419 480 3467 A
501 3414 513 3482 ΙΙ
532 3419 582 3467 210
600 3419 678 3468 fama
696 3416 721 3464 E
739 3417 800 3466 fata
819 3417 844 3466 A
860 3412 872 3483 ΙΙ
893 3418 941 3466 211
961 3417 1091 3468 laetifero
1110 3416 1135 3464 E

219 3483 331 3535 letifero
351 3486 375 3535 A
394 3485 524 3534 luctifero
543 3485 565 3533 R
587 3482 599 3551 11
623 3487 673 3534 213
690 3485 744 3535 Pro
762 3501 810 3538 om.
827 3484 853 3533 Ε
875 3481 888 3551 ΙΙ
