2550 3917
478 170 678 220 PRAEFATIO
957 176 1058 225 XXXV

29 328 93 383 Rl3
169 325 330 403 ustaig.
353 328 459 392 816,
483 330 521 387 13
549 328 596 387 il..
620 331 848 389 Annei-Senecae
870 334 1055 409 Tragoediae'

107 413 268 554 plpddnplrart.
284 429 358 469 xnrr
373 430 442 470 saec.
466 432 508 471 ex.
524 414 572 472 iol.
604 416 774 489 Argumenta
795 417 922 475 librarius
943 420 1054 483 addidit.

138 594 284 659 Explieiirt
296 594 424 661 tragedie
438 595 624 660 contemplate
637 611 688 660 per
699 613 804 663 magrm
816 600 920 665 Doieu3
978 626 981 631 -

174 662 209 713 de
221 662 339 714 domimo
351 661 384 712 de
398 678 529 715 cremona
540 662 617 713 ordii
628 664 677 715 bie
688 666 779 717 Murio
792 667 826 717 de

172 735 270 781 monte·
281 730 409 785 carmelo.
435 729 603 785 Consumete
615 746 633 797 p
646 734 719 785 msn'
733 734 879 786 anselmini

172 799 207 847 de
220 797 380 863 reymondis
393 796 473 849 Anno
486 800 566 849 dnice
578 799 757 851 Incarnatois

172 881 245 917 icccc
259 866 449 931 octuagesimo
462 870 540 917 sexto
554 866 597 917 die
609 867 691 919 deuio
704 873 805 921 octavo
818 869 895 934 maij.

105 954 176 1012 llaec
191 955 294 1012 addidit
309 969 365 1011 rec.
382 970 433 1009 m.:

136 1053 195 1103 Iste
208 1052 334 1118 tragedie
348 1032 374 1103 st
386 1050 440 1101 mei
458 1088 589 1103 .........
603 1055 738 1104 morantis

172 1120 263 1186 padue
275 1133 289 1170 τ
305 1120 360 1171 nire
372 1118 481 1169 loenreo
495 1118 528 1186 (i)
543 1135 611 1184 quas
624 1122 769 1186 tragedias
781 1138 834 1188 ego

171 1188 354 1240 accomodari
366 1187 463 1253 mugio
477 1186 609 1239 Tomaxio
623 1188 658 1239 de
669 1189 843 1245 Zachenato.

35 1290 92 1348 llll
167 1290 330 1369 kundig.
359 1292 448 1355 816,
467 1290 507 1347 14
528 1291 714 1366 ‘tragoediae
734 1312 848 1353 senecae
869 1313 931 1354 cum
952 1298 1054 1371 glossis

102 1377 204 1435 Nicolai
219 1378 339 1435 l'raueth
354 1378 462 1435 Ordinis
477 1376 700 1436 Praedicatorum
714 1379 743 1435 in
757 1380 874 1455 Anglia’
889 1383 949 1440 cod.
965 1384 1052 1441 chart.

103 1480 172 1520 saec.
187 1478 272 1520 xrur.
309 1463 479 1537 Argumenta
500 1469 529 1518 et
542 1466 747 1521 commentarius
763 1474 925 1539 perpetuus.
956 1466 1015 1524 Fol.
1034 1469 1051 1523 1

103 1547 154 1605 col.
173 1549 189 1605 1
212 1548 349 1621 Incipiunt
371 1547 493 1621 tragedte
515 1563 612 1605 senece
634 1548 742 1623 glosate
762 1544 767 1627 Ι
786 1567 838 1624 per
858 1547 913 1615 liet
927 1550 1052 1616 Nicolau3

104 1632 212 1689 treueth
228 1632 333 1688 ordinis
351 1629 408 1707 [idi
427 1625 434 1711 l
452 1639 535 1698 oatotl
550 1640 603 1689 ete.
632 1634 748 1691 Additae
763 1643 829 1691 sunt
844 1635 953 1709 glossae
967 1637 1053 1692 inter·

102 1716 218 1775 lineares
233 1716 380 1793 uariaeque
395 1734 490 1775 manus
506 1718 582 1775 neria
598 1718 767 1778 adiecerunt.
798 1720 902 1778 ltesinit
915 1720 1001 1779 codex
1022 1722 1051 1777 in

103 1802 208 1860 Medeae
234 1818 332 1861 uersu:
361 1803 415 1861 Vos
435 1818 535 1877 precor
560 1802 662 1876 uulgus
683 1803 824 1863 silentum.
867 1806 1052 1864 Personarum

103 1894 180 1944 notae
197 1886 295 1943 desunt
311 1887 359 1943 sed
375 1894 494 1945 mutatae
508 1902 644 1960 personae
664 1890 775 1963 signum
787 1909 831 1941 =
846 1891 964 1947 additur.
994 1891 1052 1947 llu-

102 1973 142 2028 ius
169 1972 233 2029 libri
253 1970 421 2029 mentionem
442 1971 507 2029 facit
525 1971 549 2027 J.
570 1973 601 2028 A.
622 1972 765 2030 Fabricius
792 1976 819 2030 in
841 1974 908 2031 bibl.
938 1975 986 2030 lat.
1007 1976 1049 2031 ed.

102 2056 204 2113 Ernesti
221 2064 239 2112 t.
256 2072 290 2112 11.
308 2074 329 2114 c.
346 2072 389 2113 11.

161 2155 355 2216 (tetherus
375 2159 597 2218 membranaceus
611 2159 634 2214 ll
648 2157 697 2215 No.
715 2158 767 2217 51.
818 2160 896 2215 llolia
916 2160 1050 2235 inscripta

102 2257 192 2306 cnxv,
215 2242 302 2299 lineae
324 2242 352 2298 in
366 2241 448 2317 plena
469 2245 567 2319 pagine
583 2244 623 2302 37
645 2250 799 2300 atramento
821 2244 929 2302 ductae.
959 2244 1050 2302 Codex

100 2326 260 2385 nitidissime
280 2328 409 2403 scriptus.
438 2329 557 2387 initiales
577 2344 645 2387 auro
667 2336 695 2384 et
709 2328 865 2392 coloribus,
890 2328 961 2386 tituli
984 2329 1050 2386 sub·

100 2414 263 2487 scriptiones
282 2428 462 2487 personarum
479 2422 560 2471 notae
575 2414 661 2471 rubro
676 2414 776 2487 pictae.
813 2413 940 2471 Continet
961 2412 1011 2469 iol.
1029 2414 1046 2471 1

100 2504 126 2552 et
146 2496 164 2552 2
186 2494 380 2571 argumentari)
403 2498 495 2555 decem
517 2499 734 2575 tragoediarum,
755 2498 805 2555 iol.
829 2497 968 2556 3-165
992 2506 1047 2556 tra·

99 2582 209 2654 goedias
236 2582 289 2639 hoc
314 2582 423 2638 ordine:
458 2583 584 2641 hercules
610 2582 715 2639 furens.
751 2583 883 2657 thyestes.
922 2584 1045 2659 thebays.

98 2667 234 2741 ypolytus.
258 2666 372 2741 edypus.
396 2673 478 2724 troas.
500 2668 604 2723 medea.
632 2682 818 2740 agamemnon.
841 2669 958 2723 octania.
980 2669 1043 2723 lier-

98 2750 170 2808 cules
186 2752 296 2809 otheus.
320 2751 444 2827 Scriptus
460 2752 570 2809 uidetur
584 2754 612 2808 ln
627 2752 704 2808 ltalia
719 2748 891 2823 saec.xv**)
907 2750 940 2807 de
955 2766 1046 2806 exem·

96 2836 163 2909 plari
186 2844 215 2893 et
236 2838 296 2910 ipso
317 2836 470 2894 recentiore
492 2836 525 2893 ab
545 2838 656 2893 homine
676 2835 787 2891 indocto
809 2834 857 2891 illc
875 2834 983 2908 quidem
999 2834 1048 2891 sed

96 2922 229 2995 diligenti.
268 2920 363 2979 sole
386 2921 456 2977 inira
480 2929 583 2978 textum
605 2920 723 2997 insignia
745 2918 887 2995 gentilicia
909 2936 979 2994 quae
1001 2920 1047 2976 ad·

95 3062 299 3071 —-—-—-

161 3137 185 3200 ⁸)
208 3139 242 3188 In
259 3136 313 3187 line
331 3137 413 3203 primi
434 3137 604 3203 argumenti:
628 3140 732 3186 ‘cansa
752 3151 819 3187 uero
842 3135 969 3187 efficiens
986 3136 1047 3187 siue

94 3209 306 3271 seneeapoeta.
344 3203 399 3255 Sed
422 3220 452 3270 qn
480 3204 615 3255 dubium
637 3204 791 3254 uertitur
812 3204 903 3253 inter
923 3204 1046 3254 multos

94 3273 486 3324 anineritillemorelie
500 3274 555 3337 qui
576 3271 746 3337 epistolas
765 3270 1047 3322 adlueillircom-

92 3342 208 3405 posuit
219 3341 328 3407 placuit
338 3332 399 3393 τΈῆ
461 3338 501 3405 **)
515 3340 548 3390 In
560 3340 649 3406 primo
663 3345 825 3405 argumento
839 3353 1046 3390 conmemoran-

92 3412 136 3459 tur
152 3408 303 3475 Hugutio
322 3412 351 3460 et
363 3409 568 3472 Boccatins,
588 3406 1047 3459 adHerc.0et.1611Travetta

92 3481 309 3529 ‘commentator
320 3475 528 3543 tragoediarum
538 3480 556 3529 ⁹.

794 3557 834 3618 ὓ*
