2550 3917
199 155 264 218 210
482 170 512 216 n.
530 168 665 216 aunam
682 167 839 234 suuncio

201 309 258 368 tori
274 305 379 385 iugalis
396 306 499 367 abnuit
514 306 635 384 Merope
651 307 734 366 netas

199 393 307 453 sociata
325 390 480 470 Polybo,
498 409 601 470 sospes
615 390 742 451 absoluit
758 408 862 451 manus

199 476 360 557 Polybus
376 495 465 537 meas.
496 483 621 554 uterque
636 475 769 536 defendit
783 493 891 556 pareus

200 560 320 623 caedem
336 569 543 641 stuprumque
575 561 642 638 quis
658 559 741 622 loeus
757 559 862 658 eulpae
878 567 923 620 est
938 579 1047 638 super.
1024 563 1092 613 ·‘.?

164 644 190 716 ε’
241 646 332 707 Multo
348 654 416 707 ante
431 645 580 706 Thebae
596 645 698 704 Laium
714 646 853 705 amissum
869 654 993 722 gemunt

198 733 310 792 Boeoto
326 747 431 808 gressu
446 748 535 810 quam
552 748 618 789 meo
635 729 716 806 tetigi
732 728 805 789 looa.

174 815 328 876 falsusne
343 816 443 875 senior
459 833 495 875 au
511 815 585 874 deus
600 812 738 874 Thebis
753 815 928 891 grauis?-

197 902 316 962 iamiam
331 908 468 960 tenemus
483 897 579 959 callidi
594 901 690 958 sooios
706 897 774 958 doli

197 987 340 1046 mentitur
355 987 411 1046 ista
426 977 599 1062 praelereu's
614 984 709 1044 lraudi
726 983 798 1044 deos

198 1079 282 1130 uates
297 1069 410 1148 tibique
425 1078 541 1146 sceptra
558 1067 723 1145 despondet
741 1086 814 1128 mea.

162 1158 180 1206 h
242 1167 294 1214 cu.
318 1154 419 1232 Egone
435 1161 468 1213 ut
481 1171 616 1213 sororem
632 1155 714 1230 regia
730 1151 836 1230 expelli
851 1152 962 1214 uelim?

196 1240 221 1299 si
237 1257 285 1298 me
302 1237 376 1297 fides
391 1245 505 1300 sacrata
521 1239 638 1315 cognati
655 1237 725 1297 laris

196 1341 255 1382 non
273 1324 441 1384 contineret
454 1324 484 1382 in
500 1341 567 1382 meo
583 1332 698 1382 eertum
715 1329 807 1389 statu,

196 1416 294 1468 tamen
310 1409 372 1486 ipsa
388 1426 435 1467 me
452 1407 605 1468 fortuna
622 1415 749 1467 terreret
764 1407 851 1465 nimis

196 1491 320 1552 sollicita
336 1509 463 1568 semper.
495 1489 582 1551 liceat
597 1492 655 1552 hoc
670 1499 733 1551 tuto
749 1489 800 1550 tibi

195 1594 304 1637 exuere
321 1576 437 1654 pondus
453 1593 508 1636 nec
523 1576 713 1636 recedentem
729 1577 885 1653 opprimat.

194 1662 251 1721 iam
268 1669 297 1720 te
312 1662 427 1733 minore
444 1662 533 1733 tutior
549 1678 664 1738 pones
679 1659 754 1720 loeo.

159 1745 186 1802 h'
239 1757 317 1805 ono.
342 1745 476 1804 Hortaris
492 1746 595 1815 etiam,
612 1751 719 1822 sponte
735 1744 913 1822 deponam
932 1752 964 1804 ut
980 1763 1045 1805 mea

54 2430 167 2478 'i

156 2510 176 2563 il

195 1838 253 1890 tam
271 1831 372 1907 grauia
390 1829 500 1906 regna?
958 1895 959 1898 Ἴ

194 1927 247 1974 cu.
537 1914 675 1973 suadeam
693 1913 750 1974 lroo
765 1911 822 1982 illis
839 1931 909 1991 ego,

194 1999 225 2058 in
241 2007 401 2076 utrumque
419 1999 484 2076 quis
500 2005 545 2058 est
560 1996 635 2058 liber
652 1999 811 2058 etiamnum
827 2006 929 2058 status.

194 2082 247 2142 tibi
264 2085 322 2142 iam
339 2100 461 2142 neeesse
478 2091 522 2142 est
539 2083 617 2144 terre
634 2084 822 2142 fortunam
839 2091 928 2142 tuam.

194 2179 276 2228 Onu.
302 2168 465 2227 certissima
481 2175 527 2228 est
542 2184 668 2243 regnare
684 2168 815 2245 cupienti
831 2168 894 2234 uia,

192 2251 314 2312 laudare
329 2251 443 2312 modica
461 2260 490 2312 et
505 2254 597 2312 otium
614 2269 649 2312 ao
665 2270 801 2312 somnum
818 2251 909 2330 loqui.

192 2335 228 2397 ab
245 2336 375 2414 inquieto
391 2353 479 2414 saepe
494 2335 651 2397 simulatur
667 2337 759 2415 quiea.

235 2434 286 2481 cu.
310 2420 458 2481 Parumne
473 2439 520 2480 me
535 2429 594 2489 tam
611 2419 697 2496 longa
715 2420 845 2482 defendit
860 2422 986 2482 fides?

238 2517 319 2566 uun.
343 2505 460 2566 Aditum
478 2505 602 2564 nocendi
618 2505 733 2585 perfido
749 2514 881 2584 praestat
895 2507 909 2564 l
913 2507 1005 2568 ides.

155 2614 174 2663 g
235 2603 288 2650 cu..
314 2589 432 2650 Solutus
449 2607 541 2649 onere
556 2591 639 2667 regio
655 2592 740 2666 regni
755 2589 841 2650 bonis
942 2651 944 2654 ,
1127 2600 1169 2647 too

190 2676 274 2734 lruor
291 2675 458 2753 domusque
475 2676 585 2734 ciuium
602 2683 689 2734 coetu
705 2675 785 2750 uiget

191 2777 247 2819 neo
263 2757 321 2819 ulla
337 2759 451 2819 uicibus
466 2760 561 2834 surgit
576 2757 697 2818 alternis
714 2759 775 2818 dies
991 2775 1054 2824 ouer.
1069 2773 1107 2814 xu

190 2863 247 2923 qua
264 2863 322 2904 non
340 2846 498 2922 propinqui
514 2861 636 2903 munera
654 2843 688 2902 ad
707 2853 825 2905 nostros
843 2843 919 2904 lares
994 2857 1166 2917 raxrxxru

200 3016 300 3023 -<-.
323 3016 392 3021 ..-.-

257 3118 307 3165 676
331 3114 444 3165 Sociato
462 3114 487 3162 Ε
510 3111 522 3181 ll
545 3114 673 3164 absoluat
691 3114 716 3162 Ε
739 3083 862 3164 absoluit
879 3115 904 3164 A
928 3111 939 3180 ll
963 3117 1013 3166 676
1037 3118 1107 3166 obeat

193 3185 220 3233 V
224 3200 241 3249 p
252 3180 264 3249 ΙΙ
276 3185 326 3235 688
344 3182 443 3233 libeat
459 3181 509 3232 Bo.
523 3177 535 3249 l}
547 3183 596 3232 689
614 3198 666 3232 nee
679 3182 705 3231 E
723 3198 755 3232 ne
769 3183 794 3231 A
807 3179 818 3248 ΙΙ
831 3184 879 3232 699
899 3181 976 3232 ORE.
996 3185 1065 3233 Tam
1083 3184 1107 3233 E

189 3267 287 3301 oresua
306 3251 386 3300 deam
403 3245 451 3315 ΕΗ
464 3251 513 3300 693
532 3251 627 3314 quise
646 3249 718 3299 liber
737 3246 822 3316 Ellst
824 3247 1025 3318 ahtusEllsslll
1044 3252 1106 3301 Tibi

187 3321 242 3369 el*
235 3336 289 3368 rom
308 3319 333 3368 E
350 3316 362 3384 ΙΙ
379 3320 429 3368 695
447 3333 501 3367 uox
519 3318 544 3366 E
562 3319 609 3366 uia
630 3320 651 3366 A
672 3315 682 3384 ll
699 3319 749 3368 696
768 3324 796 3366 et
814 3307 911 3368 talium
930 3319 964 3367 ΕΙ
984 3316 995 3384 ll
1013 3334 1046 3368 ae
1065 3326 1105 3380 εψ

189 3393 218 3435 at
237 3388 261 3434 A
278 3382 290 3449 ll
306 3386 383 3447 loqui
401 3385 466 3432 EM)
489 3386 568 3447 sequi
587 3386 611 3433 A
629 3382 641 3445 Η
658 3386 707 3436 698
730 3385 797 3435 fides
815 3385 880 3434 EdE
904 3386 963 3435 dies
981 3389 1006 3436 A
1025 3383 1037 3450 ΙΙ
1055 3389 1104 3436 699

187 3453 256 3502 fides
275 3453 340 3500 EM«)
358 3452 418 3500 dies
437 3451 462 3499 A
474 3448 485 3515 ll
498 3454 546 3500 702
564 3453 624 3502 Nee
643 3453 718 3501 nulla
738 3469 756 3502 o
768 3452 779 3518 l)
792 3455 840 3503 703
858 3458 967 3503 nostras
987 3471 1005 3503 α
1030 3451 1041 3520 ΙΙ
