2550 3917
206 170 248 235 26
484 186 515 232 u.
532 186 665 233 nuuunr
681 185 837 233 sennenn

205 334 233 388 et
249 328 299 405 qui
314 326 413 386 irunte
427 326 514 386 nimis
529 326 654 386 crimina
669 326 773 385 tetrica

205 418 352 489 quaerunt
366 430 401 471 ac
417 417 533 471 ueteres
549 412 701 471 excutiunt
715 428 785 472 reus

204 495 345 556 flentes
360 495 570 574 Eurydicen
592 495 709 556 iuridici
724 495 838 556 sedent.

170 666 192 727 e'
234 664 381 733 ,Tandem
402 664 532 724 mertis
555 664 594 724 ait
609 664 962 741 ‘Vincimur'larhiter

203 750 340 811 ‘euade
360 750 400 809 ad
423 766 583 825 superus
604 748 671 824 lege
687 758 784 809 tamen
802 750 883 809 data:

203 839 252 895 <tu
268 840 336 914 pust
350 842 432 911 terga
448 834 490 894 tui
505 852 597 912 perge
614 834 670 893 uiri
684 853 795 894 comes.

193 920 252 978 stu
268 937 327 978 nou
343 924 409 979 aute
424 926 505 978 tuam
521 919 637 995 respice
654 921 809 995 coniugem

204 1006 311 1083 ‘quam
327 1022 394 1063 cum
411 1002 489 1063 clara
505 1002 578 1063 deos
593 1002 733 1081 optulerit
747 1004 810 1064 dies

201 1090 411 1166 ‘Spartanique
427 1087 521 1147 aderit
535 1089 621 1147 ianua
638 1087 788 1149 Taenari?

163 1255 193 1315 0⁰
247 1256 315 1317 Odit
328 1274 419 1317 uerus
434 1273 589 1317 amornec
604 1258 714 1333 patitur
730 1275 839 1318 meras.

203 1359 311 1401 munus
327 1341 396 1401 dum
413 1348 554 1418 properat
569 1358 708 1410 cernere,
725 1342 863 1419 perdidit.

204 1427 324 1487 euincas
340 1426 451 1486 utinam
467 1428 531 1486 iura
547 1424 627 1487 ierac
644 1427 741 1504 Stygis
904 1491 906 1494 ¹

203 1512 423 1587 Parcarumque
440 1508 521 1570 culus
536 1529 597 1571 non
612 1510 815 1570 reuocabiles:

205 1613 295 1673 quae
316 1596 419 1656 uinci
440 1596 562 1673 potuit
586 1596 692 1672 regia
713 1596 852 1665 carmine,
918 1636 924 1654 t

204 1680 294 1741 haec
310 1680 412 1740 uinci
433 1680 576 1758 poterit
596 1680 700 1755 regia
721 1679 847 1741 uiribus.
952 1715 955 1721 ·

549 1861 732 1909 Huucvnus

172 1989 189 2023 a
293 1964 317 2025 0
333 1964 406 2025 lucis
421 1963 516 2027 almae
531 1974 631 2028 rector
647 1974 676 2027 et
691 1968 765 2029 caeli
780 1969 880 2036 decus,

207 2051 256 2127 qui
271 2049 383 2111 alterna
400 2068 490 2111 curru
506 2053 599 2130 spatia
614 2052 791 2115 flammifero
807 2052 939 2113 ambiens

205 2134 329 2195 inlustre
344 2134 409 2195 latis
425 2136 522 2195 exeris
537 2138 625 2196 terris
642 2146 738 2215 caput,

206 2219 241 2279 da
256 2218 377 2279 Phuebc
394 2221 527 2290 ueniam,
544 2222 569 2281 si
585 2221 654 2297 quid
670 2222 814 2282 inlicitum
830 2222 873 2281 tui

205 2302 308 2363 uidere
323 2302 432 2365 uultus.
461 2306 558 2365 iussus
574 2305 602 2363 in
618 2305 715 2367 lucem
732 2305 822 2367 extuli

206 2405 313 2447 arcana
329 2389 440 2449 muudi.
470 2396 583 2466 tuque
600 2389 761 2451 caelestum
776 2391 889 2451 arbiter

206 2490 373 2551 parensque
388 2475 469 2533 uisus
485 2472 608 2534 lulmine
624 2477 759 2554 oppositu
775 2482 852 2551 tege.

168 2558 192 2615 a'
249 2556 291 2616 Et
313 2564 350 2618 tu
373 2557 503 2618 secundo
520 2560 612 2618 maria
628 2562 680 2637 qui
695 2567 813 2638 sceptro
828 2561 917 2637 regis

205 2644 280 2701 imas
295 2650 363 2719 pete
380 2642 484 2703 undas.
514 2644 646 2721 quisquis
662 2663 696 2704 ex
713 2643 771 2705 altu
787 2645 913 2723 adspicit

205 2733 323 2787 terrena
339 2726 413 2788 lucie
428 2726 520 2806 pollui
534 2736 671 2789 metuens
686 2747 772 2799 noua,

207 2814 299 2871 aciem
315 2812 449 2873 reflectat
463 2830 574 2890 oraque
589 2814 620 2873 in
636 2812 750 2874 caelum
767 2812 861 2889 erigat

206 2903 341 2974 portenta
357 2897 483 2974 lugiens.
513 2898 570 2957 hoc
586 2898 670 2959 uelas
685 2904 810 2958 cernant
825 2897 883 2958 duc
937 2938 941 2943 -

275 3118 324 3167 583
347 3114 429 3164 nimis
447 3120 520 3165 tetra
543 3118 568 3165 V
596 3118 713 3167 crimina
730 3120 757 3167 in
774 3133 822 3182 ηιμ.
844 3120 870 3167 V
902 3113 914 3184 ΙΙ
948 3119 997 3167 591
1022 3114 1125 3164 trenali

211 3184 237 3235 V
263 3179 275 3251 ΙΙ
307 3184 356 3233 563
380 3183 579 3233 irreuocabiles
598 3200 616 3234 α
646 3201 710 3236 non
732 3184 912 3235 reuolubilea
929 3184 1124 3235 Broulrlwuaiuc

207 3259 232 3301 et
249 3251 411 3301 Burmannus
439 3245 452 3318 ss
480 3253 531 3301 594
555 3254 675 3302 carmine
689 3252 745 3304 EV
765 3253 932 3302 cuntibusA
967 3249 980 3319 ss
1014 3252 1065 3301 596
1084 3250 1124 3299 al·

206 3334 267 3369 mae
290 3319 434 3369 eGuc'eturu'
455 3323 589 3383 eccemplur
619 3320 690 3370 alma
708 3320 733 3369 A
772 3316 786 3386 H
823 3322 873 3371 598
900 3320 967 3370 lctis
985 3319 1011 3369 E
1040 3318 1124 3368 laetis

207 3386 257 3451 Αφ
286 3382 297 3453 [l
327 3389 375 3437 601
396 3387 534 3437 aracheus
553 3387 609 3437 ΕΙ]
636 3394 747 3439 secreta
764 3388 789 3436 Α
819 3384 831 3453 ll
860 3388 1003 3438 celestium
1024 3389 1072 3450 Vp
1101 3383 1112 3451 ll

207 3456 256 3505 603
274 3455 361 3505 maria
380 3454 470 3505 uberae
489 3457 590 3505 uidetur
605 3457 632 3505 V
658 3452 669 3521 ll
698 3458 749 3506 604
767 3456 887 3520 petenda
909 3458 935 3505 V
937 3455 943 3486 ¹
963 3450 976 3520 [1
