2550 3917
161 188 224 254 326
549 201 692 250 rucnnrr

162 362 178 404 a
194 341 307 424 paelice
322 359 463 422 umquam
477 341 605 403 barbara
621 341 740 402 caelebs
754 350 853 412 torus,

162 428 288 490 ablatam
305 427 409 488 Achilli
425 426 519 505 diligit
533 427 694 506 Lyrnesida

161 531 218 575 nec
232 530 339 590 rapere
354 513 460 591 puduit
476 531 491 572 e
507 513 572 572 sinu
589 511 721 572 auulsam
737 513 804 573 uiri.

204 597 249 657 En
264 597 378 658 Paridis
393 596 517 657 hostem.
549 614 628 657 nunc
644 613 755 658 nonum
770 595 880 658 uulnus
895 613 1003 674 gerens

162 700 264 743 amore
279 682 421 762 phrygiae
438 683 514 742 uatis
528 682 669 742 incensus
684 681 755 742 furit
1103 693 1165 744 190

163 775 193 828 et
207 775 276 846 post
289 774 411 844 tropaea
425 768 520 826 troica
536 784 570 826 ac
585 783 705 826 uersum
721 765 807 826 llium

163 859 266 929 captae
283 853 408 912 maritus
424 858 539 912 remeat
555 859 583 910 ct
598 851 708 910 Priami
723 867 825 930 gener.

208 936 373 1013 Accingere
389 936 500 996 anime:
524 933 601 996 bella
616 952 675 994 non
691 933 767 995 leuia
784 953 919 1014 apparas.

163 1019 261 1080 scelus
276 1019 480 1100 occupandum
497 1029 549 1080 est.
579 1021 664 1100 pigra
680 1037 767 1097 quem
785 1029 924 1098 expectas
938 1019 1034 1080 diem?

162 1103 278 1183 pelopia
294 1105 435 1185 phrygiae
451 1113 567 1183 sceptra
583 1104 653 1165 dnm
669 1111 790 1165 teneant
805 1105 916 1166 nurus?
1100 1115 1157 1164 195

164 1207 201 1250 an
217 1198 245 1250 te
261 1197 414 1250 morantur
429 1189 559 1267 uirgines
573 1189 682 1249 uiduae
698 1189 777 1249 domi

163 1275 299 1353 patrique
316 1273 436 1335 Orestes
452 1273 573 1335 similis?
597 1274 704 1333 horum
719 1281 749 1335 te
764 1273 839 1335 mala

163 1365 290 1419 uentura
306 1365 445 1419 moneant
459 1357 549 1419 turbo
566 1359 632 1436 quis
647 1375 749 1418 rernm
764 1359 897 1418 inminet.

208 1441 284 1512 Quid
300 1444 408 1503 misera
423 1444 541 1504 cessas?
564 1459 601 1502 en
617 1442 701 1503 adest
715 1444 812 1520 gnatis
828 1444 884 1504 tuis

162 1528 265 1589 lurens
281 1544 422 1588 nouerca.
453 1546 506 1606 per
521 1533 619 1597 tuum,
637 1528 661 1588 si
677 1526 762 1587 aliter
774 1530 890 1606 nequit,
1017 1583 1021 1590 ,
1093 1535 1151 1587 200

162 1610 239 1673 latus
254 1613 387 1689 exigatur
403 1613 483 1673 ensis
499 1620 527 1673 et
542 1613 669 1690 perimat
685 1611 768 1673 duos.

162 1697 254 1757 misce
270 1713 422 1766 cruorem,
439 1696 532 1775 perde
547 1696 701 1776 pereundo
716 1697 824 1756 uirum.

162 1798 243 1840 mors
260 1781 368 1841 misera
384 1798 443 1840 non
461 1788 505 1841 est
521 1781 655 1841 conmori
671 1798 739 1840 cum
755 1799 814 1859 quo
830 1779 914 1840 uelis.

205 1879 306 1924 uvrrr.
329 1863 443 1942 Regina
459 1865 543 1949 irena
558 1871 650 1925 temet
665 1873 694 1925 et
709 1866 779 1924 siste
795 1868 937 1945 impetum

163 1957 193 2009 et
207 1955 317 2028 quanta
332 1951 474 2026 temptes,
491 1951 594 2028 cogita.
625 1950 723 2009 uictor
738 1951 819 2009 uenit
1098 1957 1156 2009 205

163 2034 248 2093 Asiae
264 2033 371 2093 ferocis
386 2032 465 2094 ultor
480 2034 631 2113 Europae,
648 2034 739 2094 trahit

164 2119 281 2195 captiua
296 2111 441 2193 Pergama
457 2126 487 2178 et
502 2118 552 2178 diu
567 2119 661 2178 ulmos
676 2117 817 2197 Phrygas.

163 2201 244 2262 hunc
260 2200 364 2261 lraude
379 2219 457 2262 nunc
474 2203 591 2262 conaris
607 2210 636 2263 et
651 2202 731 2262 iurto
747 2203 878 2280 aggredi.

205 2287 299 2358 Quem
318 2303 376 2345 non
393 2284 520 2347 Achilles
535 2303 605 2347 ense
619 2285 743 2346 uiolauit
757 2287 837 2355 lero,

161 2372 297 2449 quamuis
312 2387 470 2448 procacem
486 2378 591 2431 toruos
607 2379 751 2432 armasset
765 2389 901 2447 manum,
1097 2379 1156 2431 210

129 2511 133 2520 ,
161 2473 220 2514 non
237 2453 341 2514 melior
356 2455 427 2515 Aiax
443 2463 540 2516 morte
556 2456 675 2516 decreta
691 2456 808 2525 lunens,

161 2557 222 2601 non
237 2537 299 2609 sola
314 2538 421 2600 Danais
435 2539 546 2601 Hector
561 2549 590 2600 et
604 2538 685 2600 bello
699 2557 795 2614 mora,
845 2552 848 2558 ·

161 2641 221 2684 non
237 2623 293 2684 tela
308 2623 423 2684 Paridis
438 2632 533 2694 certa,
550 2642 609 2684 non
626 2624 765 2685 Memnon
780 2625 866 2703 niger

161 2725 221 2767 non
237 2707 371 2769 Xanthos
387 2709 476 2770 armis
491 2709 617 2787 'corpora
632 2710 755 2769 inmixta
770 2725 922 2786 ungereris

160 2791 327 2871 fluctusque
343 2792 451 2852 Simois
466 2793 555 2854 caede
571 2811 740 2872 purpureos
755 2811 860 2872 agens,
1097 2801 1157 2853 215

231 3013 280 3063 186
291 3012 414 3062 barbara
427 3012 520 3064 celebs
532 3012 558 3062 E
569 3012 763 3077 Repiomoatnni
773 3013 839 3062 liber
849 3014 873 3063 Ii
883 3028 930 3078 mp.
941 3029 985 3077 pr.
998 3027 1029 3064 m.
1052 3012 1080 3062 b.

162 3093 201 3130 ac
215 3094 238 3130 c.
250 3079 325 3130 NHa.
337 3080 383 3130 uel
395 3095 460 3130 suus
473 3079 586 3130 caelebs
598 3081 623 3130 A
633 3077 643 3145 ll
653 3083 700 3132 187
712 3080 869 3146 Lyrnesida
878 3081 905 3130 Ε
916 3079 1045 3130 Briseida
1054 3079 1080 3129 A

161 3147 311 3198 briseidam
335 3156 358 3212 ψ
417 3148 466 3197 188
485 3147 609 3198 reuulsam
627 3148 653 3198 Ε
681 3147 791 3200 uuluam
808 3148 834 3198 A
858 3144 871 3214 ΙΙ
894 3149 944 3200 180
959 3147 1043 3197 Hem
1061 3163 1081 3197 u

161 3215 205 3264 En
223 3215 328 3280 rapidis
346 3214 371 3263 E
406 3217 456 3266 200
474 3215 556 3266 aliter
573 3214 599 3264 E
611 3216 689 3266 IPoi.
707 3215 785 3266 eliud
802 3216 828 3266 A
848 3215 953 3280 aliquid
970 3212 1017 3280 ψΙΙ
1029 3217 1082 3266 202

159 3282 244 3346 perde
263 3281 398 3349 perfunde
416 3282 441 3331 Ε
452 3279 464 3349 ll
476 3283 526 3334 206
543 3282 700 3348 tempteeE
717 3287 812 3334 tontes
829 3285 854 3334 A
867 3280 941 3349 11208
960 3287 987 3333 et
1005 3281 1081 3334 furto

160 3349 186 3399 Ε
198 3350 238 3399 οΕ
250 3350 444 3414 liepiomnntuni
455 3352 526 3402 tiber.
550 3351 653 3402 insana
670 3367 749 3417 oggi.
768 3353 793 3402 A
810 3348 823 3418 {l
838 3353 890 3402 214
906 3351 1041 3401 immixtis
1053 3352 1080 3401 A

160 3416 291 3549 irumintrp¹
309 3417 358 3481 Εψ
392 3414 403 3484 ΙΙ
437 3433 536 3484 gerens
559 3435 581 3469 n
616 3434 763 3486 aggerens
789 3420 887 3472 IGron.
923 3432 1083 3484 aggerans

159 3487 257 3548 ampci

315 3715 330 3744 Ι
