2550 3917
516 209 666 260 onnlrvs

130 364 301 427 necucsqnc
317 345 434 409 uultus?

131 444 214 491 oni).
463 434 529 510 quis
543 432 602 492 frui
616 433 749 494 tenebris
765 433 861 494 uetat?
917 473 921 480 -

131 517 199 595 quis
214 515 314 575 reddit
328 515 449 576 oculos?
472 518 574 578 matris
589 517 649 578 hen
665 519 768 578 matris
783 536 883 578 sonus.
1069 528 1134 578 1035

96 626 115 660 a
146 599 363 660 ‘Perdidimus
378 618 509 678 opernm.
540 601 683 680 congredi
697 603 742 662 ias
757 600 883 680 amplius
977 670 984 682 ‚

129 683 204 744 haut
220 692 274 744 est.
307 683 450 745 nefandos
465 685 576 746 diuidat
591 696 708 747 uastum
725 704 807 746 mare

129 768 312 846 (dirimatque
328 768 415 830 tellus
429 769 528 831 abdita
543 777 573 830 et
587 772 721 849 quisquis
736 768 791 831 snb
808 771 864 830 hnc
1067 794 1089 836 r.
1105 792 1139 834 cn

130 853 160 911 in
176 851 234 912 elin
251 869 357 913 uersus
371 854 466 914 sidera
482 873 518 914 cc
533 853 625 915 solem
643 857 727 916 cuius

130 936 282 1014 dependet
298 936 379 997 crhis
394 937 519 999 alierum
536 957 573 1000 cx
589 938 676 1002 nobis
695 940 778 1000 ierat.
898 948 900 958 ⁴
1071 949 1136 999 1040

132 1033 201 1083 roc.
226 1021 278 1080 icti
293 1023 347 1082 istc
362 1020 449 1100 cnipa
466 1032 519 1084 cst.
551 1041 638 1083 nemc
654 1025 686 1084 fii
702 1024 761 1084 icto
778 1041 900 1086 nocens.

97 1132 113 1165 c
175 1119 260 1166 oni).
284 1105 344 1166 lam
362 1123 452 1184 parce
468 1107 569 1167 uerbis
584 1116 679 1168 mater
695 1117 723 1169 et
739 1126 827 1185 parce
843 1107 974 1170 auribus.

132 1207 187 1266 per
202 1190 258 1249 has
274 1189 414 1268 reliquias
429 1193 565 1270 corporis
580 1194 678 1252 trunci
694 1209 803 1270 precer

132 1292 186 1351 per
202 1275 421 1352 inauspicatum
437 1277 588 1353 sanguinis
603 1277 710 1354 pignus
726 1278 783 1342 mei

133 1376 187 1436 per
203 1376 294 1419 omne
310 1361 402 1419 nostri
417 1362 544 1420 neminis
558 1360 604 1421 ins
618 1378 654 1420 ac
669 1361 732 1420 nei
737 1377 783 1421 as.

99 1443 122 1502 ό
175 1455 248 1504 100.
272 1440 346 1511 Quid
362 1445 461 1504 anime
476 1445 595 1522 torpes?
618 1446 697 1504 socia
714 1463 767 1504 cur
783 1443 928 1506 scelerum
944 1445 1016 1506 dare

133 1545 275 1603 poenas
290 1528 430 1588 recusas?
452 1546 540 1588 omne
555 1528 712 1590 confusum
727 1523 805 1608 perit

133 1615 249 1672 incesta
265 1631 319 1690 per
333 1620 363 1673 te
378 1613 452 1673 iuris
467 1612 588 1674 humani
603 1613 708 1674 decus:
989 1689 995 1700 .

134 1714 285 1756 morere
301 1697 528 1773 cinefactum
544 1699 680 1774 spiritum
697 1697 777 1758 ferro
793 1699 886 1775 exige.

101 1803 117 1838 c
175 1780 244 1841 Non
260 1782 285 1840 si
300 1783 362 1858 ipse
377 1780 519 1842 mnndum
536 1782 687 1842 concitans
703 1781 804 1843 diuum
820 1790 899 1842 sator
954 1845 958 1850 ,

135 1882 260 1924 corusca
276 1883 365 1926 saeua
379 1864 437 1925 teia
452 1865 596 1926 iaculetur
611 1883 715 1935 mann,

134 1966 275 2028 umquam
292 1946 454 2028 rependam
469 1949 631 2011 sceleribus
648 1969 786 2028 poenas
802 1968 889 2028 pares

134 2041 230 2094 mater
245 2034 415 2095 nefande.
448 2052 546 2095 mers
561 2033 671 2111 piacet:
696 2036 799 2096 mortis
815 2037 862 2096 uia

136 2125 306 2194 quaeretur.

103 2201 126 2258 e'
354 2202 486 2280 Agedum
502 2203 658 2263 commoda
673 2205 760 2264 matri
776 2222 910 2272 manum,

135 2286 158 2345 si
173 2286 324 2366 parricida
340 2304 380 2346 es.
411 2294 504 2347 restat
520 2286 577 2345 hoc
592 2289 678 2365 operi
692 2287 838 2350 ultimum.

136 2371 268 2448 rapietur
285 2371 373 2430 ensis,
405 2370 462 2430 hnc
478 2372 552 2431 incer
569 2372 648 2431 ierrc
663 2389 748 2434 meus

137 2456 277 2515 coniunx.
307 2455 377 2532 quid
392 2453 474 2515 ilium
491 2457 611 2515 nomine
628 2456 706 2516 haud
722 2475 794 2517 nero
811 2457 919 2517 uocas?

138 2557 223 2600 socer
239 2546 292 2599 est„

105 2625 131 2679 α’
344 2623 486 2685 Vtrumne
501 2624 614 2700 pectori
629 2624 746 2702 infigam
763 2643 830 2685 meo

138 2705 228 2767 telnm
245 2724 283 2767 an
300 2711 411 2786 petenti
427 2708 577 2768 conditum
594 2707 695 2785 iugulo
710 2709 887 2786 inprimam?

139 2789 249 2868 eligere
265 2794 363 2852 nescis
378 2790 502 2853 uulnus:
526 2792 606 2852 hunc
622 2792 726 2854 dextra
742 2793 822 2852 hunc
837 2800 905 2869 pete

139 2883 257 2935 uterum
273 2894 412 2955 capacem
429 2878 480 2955 qni
495 2878 593 2936 uirum
611 2885 640 2938 et
656 2885 761 2954 gnatos
776 2875 851 2938 tulit.

162 3129 166 3139 ,
207 3080 274 3128 1034
286 3078 342 3127 frui
354 3082 418 3142 etp
436 3084 464 3128 et
475 3094 522 3130 om.
537 3077 588 3127 EA
600 3073 613 3142 ΙΙ
630 3081 697 3130 1030
709 3082 798 3128 meter
811 3080 835 3127 A
854 3078 950 3128 matris
963 3076 1024 3128 εοΕ
1043 3078 1056 3139 ΙΙ

141 3158 175 3192 en
187 3145 247 3194 εοΕ
260 3161 296 3194 en
309 3147 334 3195 Α
346 3146 401 3195 hen
410 3144 556 3195 senuerim
567 3140 579 3209 ΙΙ
592 3147 657 3196 1039
671 3146 763 3194 auium
776 3144 827 3194 ΕΑ
841 3146 924 3196 elium
936 3153 960 3208 ψ
973 3145 1057 3193 auius

138 3215 234 3277 scripsi
243 3210 256 3277 ΙΙ
273 3215 339 3263 1043
378 3219 422 3263 etc
440 3213 465 3261 Ε
483 3228 582 3276 precor
599 3213 624 3262 A
641 3209 653 3277 ΙΙ
671 3214 735 3263 1045
754 3227 787 3260 ac
805 3212 855 3275 Εψ
875 3216 903 3261 et
922 3213 945 3260 Α
962 3207 974 3277 Η
992 3211 1057 3261 1047

139 3285 284 3329 contusum
302 3279 327 3328 Ε
397 3281 594 3330 10481neeeta
612 3280 658 3331 εΑ
677 3280 832 3342 Incertam
861 3275 873 3344 Η
922 3283 980 3328 arie
999 3285 1022 3341 ψ
1043 3279 1055 3342 Η

143 3348 207 3397 1040
225 3353 253 3398 et
271 3346 297 3396 Ε
315 3352 345 3397 at
361 3348 386 3396 A
405 3346 455 3397 sed
472 3343 520 3412 ψΙΙ
532 3349 598 3396 1050
616 3353 692 3396 sator
711 3355 752 3411 εψ
771 3350 850 3412 pater
868 3295 996 3412 Addidffl
1014 3360 1056 3396 sc·

141 3427 204 3463 ecre
222 3420 382 3479 stuprumne
400 3414 425 3464 E
437 3415 449 3479 ΙΙ
461 3416 527 3464 1000
544 3415 657 3478 Fligere
675 3413 700 3463 Ε
711 3410 723 3480 d
737 3416 801 3465 1061
821 3417 920 3479 gnatos
938 3413 963 3462 Ε
980 3415 1054 3467 Voce.

141 3486 221 3531 natos
239 3491 263 3546 ψ
281 3486 377 3532 netum
395 3498 414 3532 α
430 3482 520 3531 uirum
538 3486 652 3546 gnatum
670 3481 719 3534 Bo.
743 3479 755 3547 ΙΙ

192 3579 317 3615 sunem
331 3580 413 3616 rnre.
813 3562 853 3627 15
