2550 3917
201 207 266 272 370
587 221 731 268 moneri

202 363 311 423 inuasit
326 362 423 422 omnis
438 379 507 422 ecce
522 361 580 421 iam
597 359 709 421 caelum
726 359 788 420 iera

202 464 310 524 meque
326 448 490 508 antecessit.
520 447 616 506 uictor
632 464 649 505 e
663 446 752 506 terris
767 463 850 506 meos

201 540 304 609 specto
321 530 446 591 labores.
478 540 556 592 astra
572 531 717 609 portentis
733 531 814 608 prius

202 616 331 695 ferisque
346 616 419 675 luno
435 615 553 682 tribuit,
570 620 603 675 ut
618 613 733 675 caelum
749 614 822 673 mihi

203 700 314 768 laceret
328 699 502 761 timendum.
534 700 677 778 sparserit
692 699 833 759 mundum
849 697 918 759 lieet

202 784 375 864 caelumque
392 786 478 844 terris
493 785 579 862 peius
594 801 628 844 ac
643 782 740 844 leuius
756 783 844 862 Styge

202 871 275 929 irata
291 869 392 939 iaciat,
410 868 528 928 dabitur
544 866 664 928 Alcidae
679 867 771 930 locus,

202 955 227 1014 si
242 962 309 1030 post
325 953 402 1014 ieras
419 959 485 1031 post
500 951 577 1013 bella
593 960 661 1030 post
675 955 801 1031 stygium
818 970 921 1013 canem

202 1038 334 1098 nondum
350 1045 428 1099 astra
444 1039 553 1098 merui:
577 1037 689 1098 siculus
704 1037 871 1116 hesperium
888 1036 963 1098 latus

201 1130 301 1201 tangat
315 1122 452 1191 Pelorus,
471 1119 549 1202 [unu
563 1126 624 1184 iam
639 1125 725 1183 tellau
738 1127 807 1184 erit.

200 1211 286 1269 tiliae
298 1205 431 1287 sopato]
447 1207 540 1267 maria
556 1208 580 1266 si
596 1207 678 1285 iungi
693 1206 794 1278 iubeo,

201 1293 355 1353 conmittat
370 1292 463 1352 undas
478 1291 605 1352 Isthmos
622 1298 652 1352 et
667 1293 768 1352 iuncto
783 1289 845 1352 salo

201 1394 277 1437 nona
293 1377 428 1436 terantur
443 1377 549 1436 atticae
564 1393 679 1455 puppes
694 1377 752 1436 uia.

201 1468 331 1521 mutetur
347 1460 440 1530 orbis,
456 1459 582 1521 uallibus
598 1453 698 1521 currat
715 1463 800 1522 nouis

201 1546 299 1606 Hister
314 1562 467 1623 nouasque
482 1545 590 1606 'lanais
605 1546 730 1624 accipiat
744 1546 817 1607 uias,

201 1629 237 1690 (la
254 1628 290 1691 da
305 1629 431 1690 tuendos
446 1629 577 1707 luppiter
592 1629 695 1690 saltem
712 1629 793 1690 deos.

201 1713 251 1774 illa
266 1713 365 1774 licebit
380 1713 491 1774 fulmen
507 1733 523 1774 a
538 1726 623 1791 parte
639 1714 756 1774 nuleras

202 1816 257 1877 ego
273 1815 360 1875 quam
376 1797 492 1858 tuebor.
523 1801 586 1859 siue
601 1797 754 1876 glacialem
771 1798 871 1878 polum

201 1902 253 1944 seu
269 1901 316 1943 me
331 1883 409 1944 tueri
425 1882 569 1943 feruidam
586 1891 701 1960 partem
716 1882 815 1952 iubes,

200 1966 258 2028 hac'
273 1984 337 2028 esse
352 1984 477 2046 superos
491 1973 576 2047 parte
591 1985 715 2028 securos
731 1976 810 2045 pote.

201 2052 336 2113 cirrhaea
352 2051 448 2112 Paean
464 2051 573 2131 templa
590 2060 619 2112 et
634 2052 796 2112 aetheriam
811 2052 931 2114 domum

200 2143 338 2214 serpente
354 2153 439 2197 caeso
455 2138 572 2198 meruit.
603 2153 623 2196 α
645 2137 781 2213 quotiens
795 2138 873 2198 iacet

199 2221 314 2300 Python
330 2222 359 2279 in
376 2221 478 2300 hydra.
509 2221 644 2299 Bacchus
659 2229 689 2282 et
703 2222 831 2283 Perseus
848 2222 911 2284 deis

198 2305 255 2366 iam
273 2323 305 2366 se
319 2304 460 2374 intulere,
480 2305 532 2367 sed
549 2314 638 2382 quota
654 2313 699 2367 est
714 2305 816 2366 mundi
831 2305 915 2384 plaga

199 2391 300 2451 oriens
315 2389 454 2451 subactus
470 2399 520 2450 aut
535 2398 623 2470 quota
640 2398 684 2450 est
699 2391 820 2468 Gorgon
836 2391 907 2452 fera.

199 2475 265 2554 quis
281 2480 358 2534 astra
374 2482 460 2535 natus
475 2474 613 2536 laudibus
628 2477 737 2535 meruit
751 2476 812 2535 suis

200 2577 235 2620 ex
251 2565 281 2618 te
296 2565 325 2618 et
339 2559 488 2620 nouerca?
510 2577 597 2638 quem
615 2559 667 2619 tuli
683 2560 826 2620 mundum
842 2569 919 2638 peto.

199 2643 250 2704 serl
268 2651 298 2703 tu
314 2661 414 2704 comes
429 2642 539 2705 laboris
554 2643 688 2705 herculei
705 2643 794 2704 Licha

198 2727 299 2807 perier
316 2729 481 2807 triumphos
496 2729 598 2809 Euryti
614 2730 708 2789 uictos
723 2728 801 2789 lares

199 2820 383 2891 stratumque
398 2829 534 2890 regnum.
565 2831 619 2874 uos
634 2831 727 2892 pecus
742 2814 836 2890 rapite
852 2815 934 2875 ocius

267 3103 299 3151 76
316 3101 437 3151 Faceret
454 3101 503 3152 ER
520 3101 641 3151 Laceret
663 3102 737 3152 Voce.
756 3101 847 3150 faciut
864 3103 889 3151 Α
902 3098 914 3168 11
931 3104 963 3152 77
981 3101 1060 3166 peius
1079 3117 1114 3152 ac

197 3169 288 3220 leuius
306 3169 332 3217 Ε
349 3169 428 3233 peius
447 3185 480 3218 ac
499 3169 577 3234 peius
595 3166 791 3233 11118οΗ1111
809 3167 868 3233 (om.
886 3168 978 3234 dum?)
996 3169 1022 3217 Ε
1039 3169 1114 3220 Non·

199 3238 261 3287 dum
279 3237 305 3286 A
322 3233 381 3302 1181
400 3252 456 3286 une
474 3238 528 3287 iam
547 3241 566 3286 1.
589 3237 676 3301 unna
698 3252 754 3286 una
772 3237 796 3287 si
815 3241 834 3287 t.
852 3238 917 3287 1313
937 3240 965 3286 et
982 3251 1038 3286 unu
1055 3236 1114 3286 iam

197 3310 218 3357 t.
237 3305 298 3355 R10
328 3308 356 3354 et
373 3319 430 3354 une
448 3308 488 3355 sic
508 3310 527 3356 t.
550 3304 628 3354 Ortel.
660 3308 694 3354 nt
711 3319 767 3354 una
785 3306 839 3354 iem
863 3321 883 3354 α
911 3301 922 3371 11
951 3303 1114 3368 1111Ε1Εψ

199 3377 270 3421 eret
284 3388 302 3421 α
314 3369 325 3437 11
336 3373 400 3422 haec
411 3372 490 3422 uerba
507 3373 571 3423 Une
589 3373 645 3422 iem
664 3372 746 3423 tellus
764 3374 825 3425 erit.
842 3373 926 3423 Illinc
944 3372 1049 3437 fugabo
1067 3374 1113 3422 de-

199 3436 283 3504 leuel}
301 3442 333 3489 93
352 3438 375 3489 Ο
395 3440 523 3502 quotiens
539 3440 565 3489 E
584 3445 613 3489 et
631 3457 655 3504 q.
676 3441 700 3488 A
721 3456 738 3490 a
754 3442 855 3504 scripsi.
872 3436 883 3505 11
904 3443 937 3492 99
954 3441 1033 3504 Lyca
1052 3441 1078 3489 A
1099 3440 1112 3505 11

199 3507 249 3555 100
266 3506 364 3555 Perfer
381 3506 406 3553 E
422 3508 534 3572 Vereor
553 3508 678 3558 Praeter
696 3523 714 3557 α
726 3505 738 3574 11
749 3507 862 3558 labores
879 3509 905 3557 E
927 3505 939 3573 11
