2550 3917
501 170 701 218 PRAEFATIO
989 172 1071 219 VIIII

129 330 251 384 siderent
276 336 308 383 ut
328 327 480 385 consimilis
505 328 569 384 artis
598 346 681 403 opera
708 347 768 385 cum
791 332 917 403 genuinis
944 331 1072 387 uidentur

127 413 288 469 coniunctae
305 428 373 469 esse.
409 412 487 481 Ouod
503 414 609 487 quidem
632 432 665 470 eo
681 422 806 487 tempore
826 414 927 471 iactum
950 432 1011 472 esse
1027 434 1073 471 su·

128 498 282 571 spicamur,
304 514 359 571 quo
375 514 465 572 neque
482 499 650 572 tragicorum
665 514 825 571 graecorum
840 499 930 556 studia
946 502 1071 556 euannis·

127 590 189 637 sent
204 598 254 637 nec
265 582 514 640 Frontonianorum
529 582 675 639 sedulitate
690 586 777 658 ipsius
789 582 907 641 Senecae
921 587 1073 641 auctoritas

38 664 39 737 l
126 666 243 723 infracta
263 675 344 723 esset.
388 668 453 723 Nam
476 670 534 725 eius
556 669 708 742 exemplum
730 676 900 743 quantopere
919 686 981 726 cum
1002 672 1072 741 Aga·

38 748 40 771 *
125 752 281 807 memnonis
302 759 358 807 tum
381 756 495 811 maxime
516 752 639 809 Herculis
670 760 766 810 auctor
787 754 820 809 ad
840 754 1000 810 imitandum
1021 754 1072 809 sibl

38 850 39 858 ¹
123 838 304 909 proposuerit
318 852 352 891 ne
366 838 465 894 leuiter
480 837 589 911 quidem
604 839 756 894 intuentem
771 837 868 910 lugiet.

191 920 289 976 Earum
316 922 466 978 fabularum
493 922 604 979 alteram
627 926 713 979 anteit
735 930 762 979 et
783 931 906 996 tempore
934 931 962 978 et
981 926 1072 998 pretio

123 1008 308 1078 Agamemno,
331 1024 412 1079 quam
430 1007 597 1081 tragoediam
613 1009 636 1062 is
653 1009 700 1081 qui
716 1006 858 1063 Herculem
874 1006 992 1064 alterum
1007 1008 1073 1063 scri·

38 1090 39 1105 ³
125 1092 182 1163 psit
205 1098 269 1145 ante
290 1090 385 1147 oculos
406 1091 500 1147 babuit
521 1099 548 1149 et
569 1092 596 1147 in
612 1092 706 1147 multis
727 1100 770 1148 est
789 1090 957 1163 imitatus*).
1001 1093 1072 1164 Aga·

126 1175 281 1229 memnonis
297 1183 392 1231 anctor
407 1184 517 1249 praeter
528 1176 664 1249 Thyesten
678 1175 796 1232 Senecae
812 1177 974 1250 Aeschylum
991 1193 1073 1249 quem

126 1258 174 1314 ille
189 1267 345 1332 spreuernt,
368 1262 396 1315 iu
412 1260 494 1316 rebus
511 1260 656 1316 tractandis
670 1261 767 1318 ‹lncetn
783 1261 834 1317 sibi
850 1261 946 1334 elegit,
968 1263 997 1316 in
1012 1278 1073 1316 scn-
1101 1298 1104 1302 ·

38 1334 39 1363 r
126 1342 220 1398 tentiis
246 1342 395 1416 uerbisque
423 1344 456 1401 ab
483 1346 603 1419 Vergilio
624 1346 792 1419 Horatioque
819 1345 919 1419 quibus
945 1344 1072 1402 Ouidium

38 1486 39 1503 χ
127 1444 206 1482 suum
222 1428 361 1500 praeierre
377 1432 522 1485 consueuit
537 1430 735 1504 philosophus,
759 1446 815 1485 non
831 1448 915 1503 pauca
931 1438 1072 1486 mutuatus

38 1510 39 1550 ἶ
127 1519 178 1567 est.
205 1512 233 1566 ln
249 1512 415 1569 carminibus
432 1530 499 1569 uero
515 1516 664 1571 condendis
679 1530 740 1570 eum
756 1530 811 1569 non
828 1515 1001 1587 acquieuisse
1015 1515 1072 1571 ior-

124 1598 177 1651 mis
199 1596 314 1652 Senecae
341 1598 387 1654 uel
407 1602 499 1672 potius
525 1601 584 1655 eius
606 1598 765 1673 aequalibus
787 1599 917 1654 adamatis
937 1601 1072 1655 canticum

125 1680 193 1737 illud
214 1680 336 1737 ostendit
350 1699 383 1737 ex
397 1682 576 1739 dimetrorum
592 1693 620 1739 et
635 1692 869 1740 monometrorum
887 1686 1073 1757 anapaestico·
1121 1748 1126 1757 ¹

125 1781 184 1821 rum
202 1768 349 1839 quinquies
360 1767 521 1824 iteratorum
536 1769 659 1842 strophis
672 1770 846 1842 conpositum
858 1786 885 1823 u.
894 1768 1071 1826 311-408.

40 1904 41 1923 q
125 1849 290 1907 lionenclum
306 1852 424 1925 denique
440 1852 522 1909 huius
539 1870 650 1926 quoque
666 1854 822 1926 tragoediae
838 1870 893 1908 non
905 1853 1073 1927 perpolitum

41 2000 42 2005 ἵ
125 1942 154 1990 et
176 1934 284 2008 publice
300 1936 400 1991 editum
424 1935 561 2010 exemplar
576 1937 696 1994 Senecae
717 1938 824 1994 schedis
845 1939 980 1993 adiectum
1001 1954 1072 2000 esse,

126 2019 174 2075 sed
194 2019 305 2091 plenum
327 2019 417 2076 lituris
442 2021 474 2077 ab
496 2024 616 2078 auctoris
638 2040 719 2078 manu
740 2022 833 2084 lactis,
861 2023 887 2077 id
910 2023 983 2095 qnod
1004 2023 1073 2077 mira

41 2127 43 2152 r
124 2104 206 2159 docet
228 2106 381 2178 scripturae
397 2106 541 2162 diuersitas
558 2124 626 2180 quae
647 2110 770 2163 cernitur
791 2108 817 2162 ln
834 2107 939 2163 cantico
960 2107 1008 2163 illo
1024 2108 1073 2161 mi-

74 2246 77 2251 ,
125 2188 240 2243 serrime
261 2189 412 2245 deformato
441 2208 468 2245 u.
492 2190 669 2248 ets—924.
714 2193 785 2248 idem
807 2193 882 2265 quod
903 2192 935 2247 de
957 2192 1073 2248 Hercule

125 2272 212 2329 altero
229 2272 394 2329 affirmemus
409 2274 482 2331 nulla
499 2285 541 2330 est
556 2277 706 2349 probabilis
722 2294 824 2333 caussa.

41 2349 43 2364 '
189 2357 242 2412 lam
263 2374 330 2415 uero
353 2374 451 2415 nouem
474 2360 536 2415 illae
557 2359 602 2416 uel
617 2364 710 2435 potius
733 2364 825 2417 decem
841 2360 996 2433 tragoediae
1018 2370 1073 2417 tra·

126 2441 341 2516 goediarumque
362 2442 513 2516 fragmenta
529 2447 688 2519 priusquam
704 2445 940 2507 describerentur,
963 2447 1073 2502 chartae

126 2525 245 2598 plurium
273 2544 462 2600 possessorum
490 2530 614 2586 manibus
645 2533 798 2586 conmissae
825 2532 917 2586 uarias
946 2539 1073 2603 expertae

127 2616 192 2665 sunt
215 2610 295 2665 uices.
330 2611 452 2679 Quorum
468 2614 565 2669 studiis
581 2617 698 2687 poeticis
713 2623 740 2670 et
756 2616 940 2689 grammaticis
955 2632 1017 2671 cum
1033 2618 1073 2669 in·

125 2695 277 2756 seruirent,
298 2712 351 2751 non
367 2698 464 2751 mirum
481 2698 553 2770 quod
576 2707 604 2753 et
619 2699 696 2755 locos
712 2700 771 2754 siue
793 2715 825 2753 ex
846 2698 961 2754 aliorum
977 2708 1071 2771 poeta-

124 2795 183 2834 rum
206 2778 284 2834 libris
300 2780 358 2837 siue
381 2797 412 2836 ex
441 2782 509 2854 ipsis
531 2784 681 2855 tragoediis
704 2781 828 2839 sublatos
850 2789 877 2837 et
899 2783 966 2837 uarii
990 2800 1073 2856 gene·

124 2864 162 2918 ris
190 2865 433 2937 interpretamenta
456 2882 679 2940 nonnumquam
704 2877 792 2923 metro
819 2875 950 2940 concepta
973 2882 1072 2923 uersus

123 2947 240 3021 denique
261 2950 293 3004 ad
316 2951 436 3006 auctoris
463 2951 614 3024 exemplum
636 2952 770 3008 lormatos
791 2950 891 3025 quibus
912 2950 1073 3008 dilataretur

123 3033 226 3095 oratio,
254 3034 286 3088 ad
307 3034 457 3105 marginem
481 3026 643 3092 adimebant.
691 3038 729 3093 Ac
750 3038 830 3110 primi
858 3037 965 3109 quidem
988 3053 1072 3110 gene-

123 3116 162 3172 ris
183 3117 429 3175 additamentornm
446 3127 477 3174 ut
498 3121 619 3195 exempla
636 3121 743 3194 aliquot
759 3121 939 3183 subiciamus,
960 3122 994 3177 ad
1009 3122 1074 3177 Pu·

121 3199 264 3257 blilium
292 3202 412 3276 Syrum
443 3204 603 3260 referendus
631 3214 674 3261 est
701 3205 802 3262 H332
832 3206 879 3261 ubi
908 3206 941 3261 ci.
970 3214 1072 3267 notam,

127 3301 202 3308 -υ

189 3330 214 3395 *)
228 3334 270 3382 Ex
282 3304 337 3383 hac
350 3334 445 3385 fabula
456 3335 572 3399 plurima
584 3336 761 3400 desumpsere
774 3335 978 3386 etClaudianus
991 3351 1071 3402 quem

121 3399 269 3450 Octauiam
285 3416 390 3465 quoque
407 3407 472 3451 ante
486 3403 580 3453 oculos
593 3402 724 3453 habuisse
741 3402 903 3452 uerisimile
923 3409 965 3452 est
986 3402 1074 3463 etqui

122 3468 181 3517 eius
196 3470 323 3533 aequalis
337 3468 389 3518 tuit
402 3474 499 3519 auctor
512 3472 642 3520 carminis
655 3472 688 3520 de
701 3471 829 3519 laudibus
843 3468 980 3518 Herculis.
