2550 3917
163 127 205 191 86
441 145 472 190 u.
489 144 623 191 Anunnr
640 140 797 191 sunnone

167 282 282 342 ceruice
299 298 383 343 caesa
399 289 523 343 truncus
538 283 567 341 in
583 300 711 361 pronum
727 285 794 353 ruit,

167 365 325 443 querulum
342 368 474 427 cucurrit
490 385 643 429 murmure
660 369 773 436 incerto
790 375 886 447 caput.

163 462 266 512 cnon.
291 451 362 531 quid
378 452 486 513 deinde
501 452 617 529 gemina
632 452 722 513 caede
738 454 912 531 perfunctus
927 454 1015 516 lacit?
1099 473 1153 523 730

162 552 296 613 puerone
311 538 424 613 parcit?
441 554 479 595 an
494 535 590 596 scelus
605 536 712 597 sceleri
728 538 853 615 ingerit?

133 638 148 687 f
205 633 310 679 uvnn.
341 620 421 681 Silua
436 620 553 682 iubatus
569 621 691 700 qualis
706 624 838 683 armenia
853 621 900 684 leo

162 704 192 763 in
209 705 299 765 caede
315 704 406 766 multa
423 704 519 765 uictor
534 714 670 767 armento
684 705 805 767 incubat

162 788 281 867 (cruore
298 791 389 850 rietus
405 790 539 850 madidus
554 798 584 850 et
598 790 681 868 pulsa
699 790 776 851 lame

162 890 223 933 non
239 875 323 951 ponit
337 876 411 935 iras:
427 874 497 934 hinc
513 881 543 934 et
557 875 626 935 hinc
641 882 744 936 tauros
758 892 899 954 premens

161 956 262 1017 uitulis
277 960 415 1029 minatur,
438 959 526 1019 dente
542 960 598 1019 iam
614 958 692 1021 lasso
707 962 819 1041 piger):

123 1033 149 1093 f'
203 1042 280 1102 Non
297 1042 410 1105 aliter
424 1045 530 1105 Atreus
545 1046 639 1105 saeuit
654 1051 741 1124 atquc
757 1047 801 1106 ira
817 1052 911 1105 turnet

162 1126 335 1205 ferrumque
350 1130 468 1207 gemina
483 1129 573 1189 caede
585 1130 738 1207 perfusum
754 1137 867 1201 tenens,

162 1209 271 1271 oblitus
286 1213 315 1271 in
332 1231 419 1292 quem
434 1213 562 1283 fureret,
579 1213 684 1275 intesta
701 1232 790 1276 manu

163 1296 259 1373 exegit
273 1296 350 1357 ultra
367 1315 485 1376 corpus.
511 1306 541 1359 at
554 1300 640 1377 pueri
656 1300 753 1359 statim

164 1386 286 1459 pectore
300 1390 440 1461 receptus
456 1384 535 1442 ensis
549 1385 580 1442 in
598 1390 681 1462 tergo
698 1385 817 1445 exstitit.

124 1458 149 1531 g'
205 1463 288 1526 Cadit
302 1465 351 1527 ille
367 1474 396 1526 et
410 1486 476 1527 aras
491 1470 635 1546 sanguine
652 1470 825 1547 extinguens
841 1486 895 1529 suo

163 1567 216 1627 per
230 1557 390 1631 utrumque
405 1551 514 1613 uulnus
529 1555 667 1613 moritur.

162 1646 265 1696 cnon.
699 1656 716 1697 o
732 1654 853 1697 saeuum
871 1635 976 1697 scelus.

162 1732 268 1779 nunu.
292 1720 505 1781 exhorruistis?
526 1722 670 1781 hactenus
686 1722 710 1781 si
725 1728 781 1781 stat
795 1720 888 1789 nelos,
928 1782 930 1787 ,

162 1805 230 1883 pius
245 1811 298 1865 est.

129 1906 144 1939 e
205 1901 309 1948 ouon.
353 1891 398 1950 An
412 1888 490 1949 ultra
505 1893 599 1952 mains
614 1896 665 1951 aut
680 1890 809 1949 atrocius

162 1979 266 2032 natura
283 1974 406 2052 recipit?

75 2055 77 2058 ’
162 2070 280 2117 nvnr.·
446 2056 926 2136 scelerishunctinemputas?

163 2142 272 2219 gradus
288 2151 340 2203 est.

162 2239 267 2288 ouon.
379 2226 448 2306 quid
465 2226 540 2286 ultra
555 2226 668 2303 potuit‘l
690 2224 799 2287 obiecit
815 2226 886 2288 feris

168 2310 305 2372 lanianda
321 2313 422 2373 forsan
440 2328 566 2388 corpora
582 2318 671 2387 atque
685 2311 753 2389 igne
770 2313 873 2372 arcuit.

168 2408 272 2455 nvnn.
296 2398 407 2457 utinam
424 2396 575 2455 arcuisset.
605 2412 644 2454 ne
659 2400 739 2473 tegat
754 2396 871 2457 functos
886 2396 1001 2465 humus,

166 2497 222 2540 nec
237 2479 332 2541 soluat
346 2482 437 2559 ignis,
455 2478 560 2539 auibus
576 2478 737 2556 epulandos
753 2478 821 2541 licet
1100 2496 1149 2545 roo

167 2563 299 2644 ferisque
314 2567 398 2625 triste
414 2562 555 2641 pabulum
572 2565 668 2625 saeuis
683 2565 791 2626 trahat.

131 2641 156 2701 e'
211 2651 318 2709 Votum
336 2656 379 2709 est
392 2646 449 2708 suh
464 2648 536 2716 hoc,
553 2650 631 2728 quod
649 2668 714 2710 esse
729 2647 904 2727 supplicium
919 2644 1009 2707 solet:

166 2741 251 2811 pater
266 2732 429 2810 insepultos
443 2740 566 2811 spectet.
597 2752 614 2793 o
630 2733 712 2795 nullo
733 2732 809 2794 scel
819 2750 858 2792 us

166 2816 309 2879 credibile
324 2818 354 2877 in
370 2836 444 2877 aeuo
460 2818 599 2896 quodque
614 2821 771 2896 posteritas
787 2824 882 2894 neget.

166 2911 266 2980 erepta
283 2903 358 2961 uiuis
374 2909 439 2962 exta
454 2902 626 2981 pectoribus
641 2910 771 2963 tremunt
1099 2916 1150 2975 755

166 2988 340 3065 spirantque
355 3004 449 3047 uenae
465 3006 576 3066 corque
591 2988 688 3047 adhuc
703 2986 842 3065 pauidum
858 2986 933 3047 salit

166 3141 367 3152 ——ss

235 3225 284 3275 731
312 3223 417 3275 scelere
439 3224 464 3273 Ε
494 3223 596 3275 sceleri
613 3224 638 3273 Α
679 3218 691 3287 [Ι
731 3225 781 3273 739
811 3227 903 3274 rueret
925 3230 948 3287 ψ
978 3222 1083 3272 fureret

166 3292 213 3342 Εα
234 3287 247 3357 ΙΙ
275 3293 324 3342 741
343 3294 413 3343 exiit
431 3309 449 3343 α
471 3293 552 3344 stetit
569 3290 610 3341 M)
627 3291 721 3341 extitit
738 3298 778 3355 ψε
801 3287 812 3357 ll
841 3293 892 3342 744
909 3305 963 3340 non
981 3292 1039 3339 stat
1058 3289 1081 3337 Α

167 3360 288 3411 stetitR
315 3360 339 3410 si
357 3364 415 3410 stet
432 3360 458 3409 E
484 3356 497 3425 ΙΙ
526 3360 575 3409 745
597 3357 659 3423 plus
679 3363 722 3408 eet
739 3360 764 3408 A
796 3360 858 3424 pius
878 3362 920 3408 est
938 3357 964 3407 E
992 3353 1004 3421 ΙΙ
1034 3357 1084 3406 750

165 3442 201 3477 ne
220 3428 244 3477 Α
268 3443 321 3478 nec
339 3429 365 3478 E
387 3425 399 3495 ΙΙ
423 3430 472 3479 761
490 3427 585 3477 tradet
603 3425 627 3474 Ε
650 3423 662 3492 ΙΙ
