2550 3917
135 1155 146 1195 1
529 1140 722 1191 HEROVLES.

212 1299 298 1358 Sator
316 1297 440 1358 deorum
457 1299 541 1360 cuius
556 1316 713 1358 excussum
729 1316 818 1358 manu

166 1391 312 1462 utraeque
328 1382 440 1443 Phoebi
455 1384 584 1442 sentiunt
600 1382 712 1444 fulmen
728 1383 847 1453 dumus,

167 1486 273 1528 secure
287 1485 389 1545 regua.
421 1466 531 1545 protuli
546 1485 651 1545 pacem
667 1466 728 1528 tibi.

168 1570 356 1631 quacumque
371 1551 485 1614 Nereus
500 1553 613 1630 porrigi
630 1559 728 1612 terras
743 1559 825 1612 uetat

168 1655 231 1696 uon
249 1645 292 1696 est
307 1637 478 1697 tonandum.
511 1637 617 1714 perfidi
632 1654 719 1714 reges
734 1637 830 1696 iacent

168 1723 251 1782 saeui
267 1723 393 1802 tyranni.
425 1721 566 1798 fregimus
582 1721 722 1798 quicquid
738 1721 794 1780 suit
924 1798 927 1803 1

168 1806 223 1865 tibi
239 1805 465 1866 fulminandum.
497 1807 548 1868 sed
565 1806 636 1866 mihi
653 1805 765 1866 caelum
782 1823 891 1884 parens

168 1890 267 1952 adhuc
282 1891 427 1968 negatur?
450 1891 535 1968 parui
551 1899 632 1952 certe
647 1890 718 1951 loue

168 1974 282 2054 ubique
296 1975 401 2052 diguus
417 1982 503 2054 teque
518 1982 623 2034 testata
640 1982 684 2035 est
699 1992 798 2034 meum
836 2034 841 2042 ,

169 2066 442 2138 patremnuuerce.
475 2059 543 2138 quid
560 2059 900 2120 tamennectismoresi
1104 2069 1137 2118 10

170 2143 315 2222 numquid
330 2145 487 2205 timemur?
511 2143 655 2221 numquid
670 2145 830 2220 inpositum
844 2141 901 2202 sibi

169 2246 232 2288 nun
247 2229 358 2305 poterit
374 2227 453 2290 Atlas
470 2229 549 2288 serre
564 2246 633 2288 rum
650 2227 731 2288 caelu
747 2225 923 2287 Herculem?

138 2334 152 2372 2
172 2312 242 2390 quid
259 2320 337 2374 astra
352 2314 468 2390 genitor
484 2313 553 2390 quid
569 2313 678 2389 negas?
700 2330 780 2372 mors
797 2330 843 2372 me
861 2311 912 2370 tibi

173 2404 254 2457 certe
268 2399 397 2466 remisit,
414 2415 502 2457 omne
519 2399 664 2458 concessit
680 2396 791 2458 malum

171 2481 250 2559 quod
266 2488 345 2541 terra
361 2483 464 2560 genuit
477 2491 586 2560 pontus
602 2500 652 2542 ecr
668 2481 765 2541 inferi.

170 2565 269 2626 nuilus
286 2584 339 2643 per
353 2566 444 2626 urbes
460 2573 539 2626 errat
555 2567 701 2640 meoticas
717 2565 777 2634 leo,

171 2649 350 2730 Stymphalis
365 2649 423 2711 ieta
440 2658 498 2718 est,
513 2649 636 2712 Maenali
653 2649 732 2710 nuile
749 2657 793 2709 est
808 2650 885 2718 fere,

164 2945 166 2950 ¹
240 2885 433 2936 HERCVLES
447 2886 472 2935 E
487 2888 510 2936 V
524 2888 599 2940 Voss.
618 2887 693 2936 Mors
702 2886 833 2936 Herculis
847 2886 864 2946 (.
871 2885 883 2947 )
897 2887 953 2935 cod.
967 2888 1087 2950 lugdunu-

172 2955 278 3004 butauus
296 2972 320 3002 u.
340 2958 393 3004 373
423 2953 618 3004 HERCVLES
639 2953 806 3004 OETAEVS
825 2953 850 3002 Α

240 3161 340 3226 ruem
359 3173 552 3224 Huuevuus
571 3173 597 3222 u
619 3173 724 3237 rnerpu
742 3189 812 3236 quae
832 3173 934 3222 <ruitur
951 3172 1088 3222 Hercules

172 3241 210 3307 (et
228 3244 275 3293 hoc
292 3239 408 3304 rubrica)
431 3243 505 3292 Voss.
528 3239 538 3306 Η
560 3243 573 3289 1
593 3239 733 3290 excelsum
750 3248 774 3303 ψ
795 3238 807 3305 ΙΙ
828 3243 860 3290 14
878 3240 1018 3290 concessit
1035 3241 1090 3290 eus

171 3310 323 3364 mature
347 3315 493 3360 concesset
510 3309 586 3360 IPul.
615 3323 677 3357 cum
695 3308 779 3356 cessit
797 3309 850 3372 Eg]
874 3323 935 3357 cum
954 3312 1046 3358 cesset
1063 3309 1088 3356 Α

172 3393 234 3428 cum
253 3384 326 3430 esset
343 3387 366 3441 ψ
387 3383 481 3426 cessat
499 3376 632 3434 (ameum
645 3378 685 3425 uel
697 3373 760 3438 con)
778 3372 824 3439 ΒΙΙ
842 3377 874 3425 15
892 3375 1089 3439 Quodcumque

172 3451 247 3496 terra
265 3444 312 3514 ψΗ
325 3448 357 3498 16
376 3445 504 3496 arcadius
522 3444 572 3492 ΕΑ
592 3442 761 3507 argolicas
779 3443 878 3496 IGron.
903 3441 916 3509 ss
