2550 3917
125 163 129 167 ’
198 161 238 223 16
470 177 500 222 n.
525 176 657 223 enarer
679 174 835 221 sennenn

99 313 103 317 ’
152 329 183 379 s‘
239 334 315 373 nne.
341 312 502 373 Demersus
518 332 551 375 ae
567 314 701 375 defossos
717 322 746 372 et
761 323 822 373 toio
838 314 959 390 insuper

197 416 357 477 oppressos
373 397 446 457 orbe
462 416 565 475 qnam
589 400 684 458 oinrn
700 398 735 457 ad
753 416 877 475 superos
892 397 1022 458 habeti

197 504 296 543 anon.
320 501 425 560 qnam
442 490 513 543 tune
528 482 690 542 habehat
705 500 835 560 comper
847 490 980 543 arentem
996 482 1112 561 plagam

197 574 227 627 ei
241 568 418 627 fluctuantes
434 585 517 627 more
532 565 643 627 turbati
657 569 746 626 rneris

95 728 98 733 Δ
198 650 821 727 abiirharenashisquedIscedenssrciunr
1131 671 1182 719 325

198 745 227 795 et
242 736 286 796 bis
303 754 462 796 recurrens
478 744 603 814 comque
620 736 815 796 deserte-rate

198 821 360 899 deprensus
375 821 471 881 haesit
486 822 607 897 syrtium
624 820 768 880 breuibus
783 820 866 880 uadis

98 976 101 981 .
187 904 225 965 'et
242 922 340 981 puppe
356 905 411 964 fixa
428 906 518 965 maria
535 907 687 982 superauit
701 906 801 981 pedes

157 983 179 1035 1¹
241 1001 325 1049 Mne.
349 990 450 1068 lniqua
467 1008 535 1049 raro
552 990 685 1049 niaximis
701 989 859 1050 nirlniihos

197 1075 313 1133 foriano
330 1077 434 1153 parcit.
459 1080 546 1133 nemo
562 1094 593 1134 se
611 1081 673 1134 into
689 1075 739 1133 diu
836 1149 839 1155 ἱ

198 1158 337 1233 periculis
353 1160 462 1219 offerre
480 1168 536 1217 iarn
554 1158 668 1218 crebris
685 1167 790 1235 potest.

201 1238 308 1325 [Casas
324 1262 411 1317 paean
427 1260 518 1318 saepe
532 1247 645 1303 transit
657 1246 824 1317 aliqnando
839 1236 979 1323 inarare]

154 1326 185 1383 h'
240 1327 297 1387 Sed
314 1346 383 1387 eece
399 1345 505 1387 secans
521 1346 555 1386 ac
570 1329 664 1386 mines
681 1326 762 1387 uoltu
780 1344 887 1403 gerens

128 1466 130 1471 .
198 1417 227 1471 et
242 1409 334 1487 qualis
350 1412 446 1471 animo
464 1419 507 1471 est
523 1411 589 1472 talis
605 1414 721 1471 incessu
737 1412 819 1471 uenit

197 1494 291 1556 aliena
308 1497 411 1557 dextra
428 1503 543 1572 sceptra
560 1497 732 1556 concutiens
747 1496 852 1574 Lycus.
1015 1508 1038 1550 F·
1051 1507 1099 1549 Vlu
1130 1511 1181 1560 335

161 1708 181 1758 h
242 1718 314 1758 nnc.
338 1698 423 1757 Vrbis
439 1716 545 1775 regens
561 1697 699 1775 opulenta
714 1696 858 1757 thebanae
874 1695 939 1757 loca

198 1790 226 1842 ei
242 1801 329 1842 onnre
348 1782 484 1861 quicquid
502 1781 585 1841 uberi
602 1782 693 1857 cingit
708 1779 771 1841 solo

198 1866 316 1943 obliquo
333 1866 447 1933 Phocis
465 1865 600 1943 quicquid
617 1865 750 1925 Ismenos
765 1866 849 1941 riget,

200 1946 358 2033 [paicpar'd
373 1953 536 2010 Cithaeron
552 1952 667 2010 aereae
681 1953 761 2010 celso
776 1954 860 2009 ardet

197 2042 226 2094 et
241 2038 312 2095 aina
327 2038 466 2095 scindens
481 2036 608 2093 Isthmos
623 2036 712 2093 exilis
725 2029 825 2115 freta]
851 2103 854 2107 ¹

170 2133 181 2180 i
242 2119 305 2179 Non
323 2128 425 2178 neiero
441 2118 552 2195 patriae
568 2119 632 2176 iera
649 2119 786 2195 possideo
802 2118 907 2179 dornos

89 2206 91 2211 “
198 2206 322 2278 ignauus
337 2204 435 2262 ireres.
468 2200 581 2262 nobiles
597 2220 657 2261 non
673 2210 743 2262 sunt
758 2203 829 2262 rnihi

198 2288 245 2346 ani
263 2306 316 2354 nec
331 2286 397 2345 airis
414 2286 545 2346 inclitum
562 2286 653 2348 titulis
668 2304 770 2364 genos,

195 2457 400 2465 ——.-.

265 2559 313 2605 321
338 2571 372 2605 ee
395 2571 505 2621 pressus
525 2561 552 2605 et
574 2558 601 2606 V
630 2552 642 2621 l}
672 2552 721 2607 3²22
740 2558 795 2605 uim
814 2554 890 2606 E¹V¹
919 2554 931 2622 ΙΙ
960 2558 1010 2606 325
1029 2556 1110 2617 abiit)

197 2626 214 2676 b
237 2626 357 2673 literain
374 2641 426 2673 ras.
446 2620 484 2671 Ε2
513 2624 581 2687 adiit
600 2626 625 2675 P
645 2619 658 2690 Η
686 2625 735 2674 327
754 2623 864 2673 hesiiE
882 2622 996 2673 hexitV
1015 2622 1026 2688 ΙΙ
1061 2626 1111 2675 328

197 2691 475 2756 superauit...pedes
494 2689 565 2753 (anit
582 2694 608 2740 in
625 2692 692 2750 ras.)
711 2692 736 2739 E
761 2688 773 2756 ΙΙ
801 2695 850 2742 330
873 2692 945 2751 trito)
963 2694 1035 2754 prius
1052 2697 1064 2740 t
1086 2694 1111 2741 in

196 2775 250 2809 ras.
269 2757 305 2807 15²
339 2754 351 2823 [Ι
385 2777 408 2811 a.
427 2762 477 2809 332
496 2759 621 2809 Eduardo
646 2760 781 2823 Woelfflino
800 2767 905 2808 auctore
928 2761 1021 2822 rapitur
1043 2761 1112 2807 inter

198 2828 311 2877 Senecae
334 2828 474 2876 sententias
496 2828 522 2875 in
544 2829 631 2877 codiee
657 2827 775 2875 Parisino
794 2828 862 2875 8049
884 2829 980 2874 saeculi
996 2825 1061 2872 XII
1080 2828 1111 2873 de

195 2910 246 2959 qao
264 2896 315 2943 aid.
329 2894 472 2944 Buecheler
494 2896 520 2942 in
534 2896 621 2957 praes.
641 2896 788 2945 Petroniam
804 2910 832 2955 p.
847 2892 927 2941 XXI.
941 2892 1034 2940 Publili
1050 2890 1114 2955 Syri

198 2978 253 3011 esse
270 2968 333 3024 pato
352 2965 392 3011 cai
409 2963 553 3011 uindicatur
570 2963 601 3010 ah
620 2964 719 3011 illarum
737 2962 917 3009 sententiarum
935 2958 1074 3007 editoribus

199 3030 284 3089 Quem
304 3044 388 3093 saepe
407 3035 426 3077 t.
442 3046 464 3079 e.
478 3046 499 3078 ω
523 3027 610 3078 Casus
630 3044 710 3092 quem
730 3044 751 3079 s.
765 3031 783 3075 t.
796 3028 830 3075 P.
843 3026 906 3088 Syri
922 3027 981 3075 edd.
1001 3042 1024 3074 a.
1044 3028 1078 3075 84

196 3098 333 3146 336-340
356 3096 480 3159 Meporae
499 3099 660 3145 contionatur
676 3097 700 3144 A
729 3092 742 3151 ΙΙ
770 3097 819 3143 337
843 3095 928 3141 ubere
947 3092 1023 3141 EVR
1044 3093 1111 3141 ube-

195 3158 258 3212 riA
283 3162 294 3229 11
317 3166 366 3214 338
385 3164 453 3214 fatis
477 3164 501 3212 V
524 3158 535 3228 il
557 3178 704 3226 ysrneneos
721 3162 749 3210 V
767 3158 778 3226 Η
801 3161 968 3226 ara3339340
985 3162 1075 3209 sustuli

199 3233 248 3281 339
271 3238 330 3293 post
352 3234 401 3280 340
423 3233 520 3293 positns
537 3237 575 3278 est
593 3230 650 3277 ΕΙ]
680 3226 683 3293 Ι
726 3228 801 3278 celso
825 3229 849 3277 V
876 3228 985 3277 excelso
1008 3227 1059 3275 EA

197 3301 248 3349 340
266 3298 394 3347 scindens
411 3300 457 3358 Vp
476 3296 580 3347 findens
599 3297 649 3344 EA
680 3297 684 3361 Ι
720 3299 768 3346 341
789 3297 873 3345 Licus
891 3293 1005 3359 (sinistro
1019 3297 1112 3359 mnrp.)

202 3364 558 3495 WrfflfvprEGAffl
578 3362 821 3415 AMPHITRYON
839 3366 863 3414 A
891 3362 927 3428 (Ε
945 3366 1011 3430 Lyci
1028 3366 1112 3415 oratio

194 3449 245 3483 con
257 3449 317 3481 tarra
329 3447 359 3479 ar
