2550 3917
392 209 576 258 nuncnune
592 194 783 276 [oceanus]
984 193 1046 257 447

135 348 182 410 ubi
198 350 275 409 enim
291 357 396 428 negata
413 349 475 411 est?
499 348 579 427 quod
594 347 647 408 tibi
662 347 764 408 infelix
779 364 854 408 anus

133 452 270 513 quaeram
287 433 477 513 sepulcrum?
500 435 536 494 de
552 435 609 494 luis
624 439 705 493 totus
720 432 802 509 rogis
887 434 897 440 “

134 518 290 580 contendat
306 517 397 579 orbis.
428 518 570 598 reliquias
587 519 686 596 magni
702 515 840 578 Herculis

134 604 196 682 quis
211 602 340 682 populus
355 611 406 663 aut
420 621 497 683 quae
511 601 621 681 templa
637 620 714 681 quae
728 610 832 680 gentes
848 599 964 662 colent?

133 689 196 768 quis
211 690 268 750 iam
284 695 380 767 petet,
397 691 464 766 quis
478 696 582 766 poscet
595 686 752 748 Alcmenes
767 685 863 747 onus?
1066 691 1132 740 1830

134 791 206 853 quae
221 771 274 832 tibi
289 771 446 850 sepulchra
463 781 565 850 gnate,
583 773 651 852 quis
666 772 797 832 tumulus
811 778 857 831 sat
871 770 934 832 cst?

132 857 178 918 hic
195 864 272 918 totus
287 856 384 926 orbis,
402 856 479 917 sama
497 859 554 918 erit
568 855 670 916 titulus
685 855 747 917 tibi.

133 942 200 1022 quid
217 944 315 1002 anime
332 942 479 1020 trepidas?
501 940 637 1002 Herculis
653 942 769 1002 cineres
784 948 878 1001 tenes.

133 1026 320 1105 conplectere
337 1044 419 1086 ossa:
442 1026 585 1105 reliquiae
601 1025 743 1086 auxilium
759 1024 888 1093 dabunt,

133 1121 219 1173 erunt
234 1119 279 1172 sat
293 1113 369 1172 baec
384 1111 546 1190 praesidia:
571 1109 727 1172 terrebunt
742 1120 808 1170 tuae
1067 1113 1133 1163 1835

132 1211 217 1272 reges
233 1195 281 1256 uel
297 1195 430 1257 umbrae.
464 1193 469 1203 '

131 1293 210 1340 HYL.
475 1279 592 1341 debitos
608 1287 678 1339 nato
694 1279 812 1358 quidem

133 1382 279 1442 conpesce
293 1364 380 1425 fletus
395 1374 490 1426 mater
505 1363 625 1427 Alcidae
640 1363 752 1424 incluti.

134 1467 191 1510 non
208 1457 253 1510 est
268 1449 432 1526 gemendus
447 1467 502 1510 nec
518 1449 604 1526 graui
619 1448 772 1526 urgendus
782 1466 879 1525 prece

131 1536 240 1595 uirtute
256 1535 388 1614 quisquis
404 1533 523 1596 abstulit
539 1535 604 1595 latis
620 1535 687 1595 iter.

131 1626 252 1680 aelerna
269 1620 364 1679 uirtus
379 1617 538 1680 Herculem
554 1618 621 1679 fleri
637 1627 725 1679 uelat.

130 1703 221 1763 fortes
238 1709 339 1763 uetant
355 1721 490 1764 maerere
504 1702 669 1781 degeneres
683 1701 795 1762 iubent.

130 1799 236 1848 Ancu.
253 1787 364 1848 sedabo
379 1787 518 1866 questus?
542 1787 661 1848 uindice
675 1788 783 1848 amisso
798 1794 902 1864 patent

131 1879 210 1933 terra
228 1879 316 1952 alque
331 1871 455 1951 pelagus
470 1890 605 1952 quaeque
619 1888 791 1950 purpureus
806 1871 871 1932 dies

132 1961 282 2039 utrimque
299 1956 376 2018 clara
393 1966 506 2035 special
520 1975 632 2017 oceano
648 1964 724 2018 rota.

132 2050 203 2120 quoi
218 2043 328 2102 misera
344 2043 373 2100 in
390 2060 449 2101 uno
465 2041 584 2102 condidi
600 2049 685 2101 natos
701 2040 829 2119 parens?

130 2144 224 2204 regno
241 2125 397 2195 carebam,
414 2144 506 2204 regna
521 2126 572 2186 sed
588 2134 723 2204 poteram
739 2125 821 2185 dare.

131 2229 188 2272 una
202 2212 282 2271 inter
297 2229 401 2271 omnes
417 2218 495 2271 terra
511 2228 585 2287 quas
600 2219 712 2271 macres
727 2211 803 2288 gerit

130 2315 393 2410 &ffb-negaba
417 2350 460 2396 est
483 2345 631 2409 cauny?
662 2350 705 2394 est
728 2360 774 2396 one.
797 2345 823 2394 A
854 2345 917 2394 Vni
943 2352 1049 2411 negate

131 2413 210 2464 Gran.
234 2411 247 2480 ΙΙ
271 2413 336 2464 1887
354 2428 437 2478 rogus
456 2413 480 2461 E
497 2414 573 2546 rofio
592 2414 618 2463 A
640 2409 652 2478 Η
676 2413 743 2462 1828
760 2412 835 2461 urbis
853 2413 879 2461 E
896 2413 970 2465 orbis
989 2416 1014 2465 A
1035 2417 1048 2479 ΙΙ

131 2483 197 2532 1829
217 2497 288 2545 quse
307 2486 405 2546 gentes
423 2497 470 2530 om.
490 2477 531 2545 El
550 2489 651 2545 rogant
668 2480 693 2528 E
712 2478 805 2529 colent
823 2482 848 2529 A
864 2476 876 2546 ΙΙ
894 2483 961 2533 1830
980 2485 1049 2545 Quis

129 2549 281 2681 85388ῗῖ
299 2544 1049 2684 ffld?lfflldlrllllllllb‘'lilol'ldl·

129 2683 171 2734 lus
190 2685 216 2734 E
234 2685 356 2736 tumulus
374 2686 400 2735 A
423 2680 434 2750 ΙΙ
459 2686 524 2736 1883
543 2689 622 2734 tenes
641 2683 702 2747 Εψ
719 2688 788 2732 tene
808 2698 827 2730 α
847 2680 859 2748 ΙΙ
884 2686 950 2735 1834
969 2684 1049 2736 Com·

129 2751 254 2815 plectere
273 2753 325 2803 εΑ
354 2751 542 2818 Complector
562 2752 639 2802 Gran.
662 2748 675 2818 fl
699 2751 765 2801 1835
783 2750 853 2800 satis
870 2768 910 2816 pr.
930 2753 982 2802 εΑ
1006 2760 1049 2803 set

129 2821 214 2870 haee
227 2837 268 2884 pr.
290 2821 367 2870 Gron.
387 2820 480 2869 Haec
499 2827 566 2870 sunt
579 2821 648 2870 satis
660 2834 700 2884 pr.
714 2819 790 2867 NHc.
802 2814 815 2884 ΙΙ
828 2818 908 2869 asach
924 2820 1010 2870 HYL.
1024 2821 1050 2870 Ε

129 2887 202 2937 ΡΗΙ.
215 2891 242 2938 Α
254 2884 266 2954 l]
278 2888 338 2937 nati
348 2887 372 2936 Ε
385 2893 451 2938 nabo
464 2884 514 2953 ΑΗ
531 2889 597 2939 1888
610 2902 680 2937 nece
693 2887 739 2936 cA
752 2901 843 2950 prece
855 2887 1050 2951 Peerlkampiuc

130 2955 268 3007 LMueller
296 2952 307 3021 11
338 2957 402 3004 1841
422 2960 521 3005 uetant
546 2983 576 2991 -
600 2955 698 3004 iubent
720 2954 746 3003 Ε
775 2958 904 3004 uetat-
923 2955 1001 3005 iubet
1024 2957 1049 3005 A

129 3030 201 3074 ueta
221 3025 340 3074 —iube
361 3022 438 3075 Gran.
467 3019 480 3088 ΙΙ
510 3026 575 3074 1842
596 3023 708 3072 uindice
733 3022 834 3072 emisso
858 3022 883 3071 Ε
911 3023 1050 3073 uindicem

131 3093 211 3141 amisi
230 3093 255 3141 A
279 3087 291 3157 ΙΙ
314 3106 415 3156 parens
433 3091 486 3142 ΕΑ
504 3097 613 3156 petens
630 3090 681 3140 Bo.
701 3095 813 3155 patent
829 3093 926 3154 scripsi
947 3087 959 3156 ΙΙ
984 3093 1049 3142 1848

132 3161 197 3210 1844
215 3160 282 3210 1845
300 3161 392 3210 derunt
410 3156 455 3226 Gss
468 3161 533 3210 1843
551 3159 635 3210 HYL.
653 3157 679 3206 Ε
696 3172 744 3207 om.
763 3158 789 3207 A
818 3153 830 3223 ΙΙ
858 3158 947 3206 Tarra
966 3166 1049 3222 atque

130 3227 248 3293 pelagus
266 3241 374 3294 qnoque
393 3227 418 3276 Ε
441 3229 546 3277 'l'errec
567 3231 650 3290 abque
667 3225 762 3290 pelagi
781 3239 892 3288 quaque
911 3226 936 3275 A
954 3222 966 3292 ΙΙ
985 3227 1050 3276 1844

130 3296 281 3360 Vtrumque
301 3297 353 3346 εΑ
370 3297 523 3360 Vtrimque
541 3296 635 3358 scripsi
657 3289 670 3358 ΙΙ
693 3309 799 3344 oceano
817 3293 843 3341 Ε
861 3293 1005 3344 Oceanum
1023 3294 1049 3345 A

130 3363 176 3414 Ab
195 3370 328 3428 utroque
348 3380 372 3414 c.
393 3379 433 3428 sp·
454 3364 566 3414 Oceano
585 3379 605 3412 r.
628 3362 706 3412 Gran.
727 3358 740 3427 ss
761 3363 827 3412 1845
846 3360 926 3424 Quod
945 3361 970 3410 Ε
989 3362 1049 3424 Quo

131 3433 155 3480 A
175 3427 189 3498 ss
210 3432 241 3480 in
259 3447 313 3482 uno
332 3432 357 3481 A
376 3437 406 3481 tu
423 3447 496 3482 nnnc
514 3432 539 3481 E
562 3429 574 3497 Η
598 3427 722 3482 condidit
740 3429 765 3478 Ε
788 3429 899 3478 condidi
917 3431 943 3480 A
965 3425 978 3495 ΙΙ
1001 3445 1050 3480 nc·

69 3523 72 3530 ·
132 3505 174 3548 tos
192 3501 245 3549 εΑ
263 3504 330 3549 neto
348 3505 372 3563 ψ
391 3499 654 3569 (M09.1a9)p1846
672 3497 753 3550 ALO.
773 3497 797 3546 Ε
815 3513 863 3548 om.
882 3500 907 3549 A
930 3493 943 3564 ΙΙ
1009 3527 1013 3533 »
