2550 3917
510 230 711 279 PRAEFATIO
959 232 1086 280 XXXVII

134 394 191 450 cias
212 408 301 449 amen.
328 394 430 467 scripte
451 409 482 449 ae
503 392 637 466 complete
658 406 710 465 per
729 407 826 447 manns
847 391 989 447 iohannis.
1020 393 1084 448 Ten.
1118 397 1125 410 “

133 478 234 535 Norde.
248 478 282 534 de
297 478 482 533 boetiuchem.
500 476 596 533 Clerici
613 475 755 548 Traiecteij
772 476 837 532 diot.
875 475 931 532 Sub
950 492 1022 533 anuo
1037 476 1087 533 do·

136 563 202 619 mini
217 580 254 619 aa·
264 568 357 620 cooo⁰
363 578 434 639 V111J
451 562 495 617 die
507 561 612 617 decima
626 577 699 617 nona
710 562 812 617 mensis
822 560 962 633 lanuariJ'.
985 560 1085 635 'lragg

135 648 205 705 ordo
222 648 330 703 solitus.
360 648 527 723 Argumenta
542 646 660 720 singulis
676 656 766 720 tragg.
781 647 937 719 praemissi.
955 674 992 686 -
1008 645 1086 702 Alter

136 726 204 807 (T²)
221 748 292 789 saec.
308 748 350 790 xv
365 734 514 806 uergentis.
545 732 622 789 deest
637 730 685 788 fol.
703 731 731 787 1.
746 732 828 804 incip.
844 731 887 787 lli.
904 748 931 787 u.
950 731 990 788 66
1012 729 1085 786 Ordo

135 817 249 891 paulum
270 819 420 873 inmutatus
447 815 567 890 (Edypus
587 817 709 891 ypolitus
730 813 844 888 trobas).
872 844 908 857 -
937 815 1087 889 Vtriusque

137 903 252 977 primam
267 900 385 958 subulam
401 901 623 975 Woilenbergius
637 900 756 957 contulit
771 917 833 957 cum
848 900 890 957 ed.
907 901 1042 973 Thysiana
1059 908 1087 955 et

136 989 228 1043 uarias
244 987 378 1043 lectiones
393 986 494 1059 publici
514 988 583 1042 iuris
598 986 664 1043 iecit
678 986 705 1041 Z.
723 985 740 1040 l.
757 986 788 1042 G.
804 1002 847 1043 xv
862 1003 889 1059 p.
907 982 1085 1042 190-194.

137 1072 209 1127 alius
225 1072 347 1128 eiusdem
363 1070 543 1127 bibliothecae
558 1070 627 1127 liber
641 1088 713 1127 saec.
728 1087 771 1129 xv
786 1070 856 1126 med.
872 1078 983 1143 praeter
997 1068 1087 1143 philo·

138 1157 251 1231 sophica
271 1172 355 1230 opera
370 1156 489 1213 Senecae
509 1163 669 1229 argumenta
690 1156 893 1229 tragoediarum
915 1161 1027 1210 auctore
1042 1153 1087 1208 ΑΙ-

139 1240 248 1297 bertino
264 1240 371 1297 liusato
387 1242 517 1298 continet.

70 1364 99 1418 P
200 1356 447 1419 Pulauiensis
477 1377 499 1415 s.
529 1352 808 1417 Var'souiensis
839 1359 953 1416 membr.
983 1358 1088 1415 formae

138 1452 262 1519 quartae.
292 1451 418 1521 exaratus
434 1445 562 1500 Patauiae
584 1462 608 1499 a.
631 1443 714 1500 1396
734 1444 860 1500 conlatus
882 1461 897 1499 a
918 1442 1088 1501 Groddecldo

138 1529 198 1585 Ser.
213 1530 331 1604 Principi
347 1529 537 1603 Czartorinsly
550 1527 735 1585 bibliothecae
749 1528 890 1601 praelecto
904 1535 1002 1601 postea
1016 1527 1086 1601 proi.

137 1613 261 1670 Vilnensi
277 1630 339 1669 cum
354 1613 396 1670 ed.
408 1613 489 1669 Grou.
505 1630 517 1669 1
534 1616 582 1687 qui
598 1614 689 1669 uarias
704 1614 733 1667 in
744 1613 820 1669 Herc.
836 1628 849 1667 1
864 1612 998 1668 lectiones
1013 1611 1088 1668 ioras

137 1698 213 1755 dedit
232 1700 261 1753 in
283 1698 397 1755 Heereni
417 1697 570 1755 Bibliothek
595 1698 645 1753 der
665 1697 739 1753 alten
758 1695 789 1753 L.
811 1715 838 1754 u.
861 1695 895 1751 K.
917 1695 1015 1759 1793,
1038 1696 1088 1756 10.

135 1783 321 1840 Memorabilis
343 1791 385 1839 est
404 1782 585 1857 subscriptio:
610 1780 705 1838 ‘Lucii
726 1782 813 1837 Annei
833 1781 936 1838 Seuece
958 1779 1088 1837 Hercules

138 1868 259 1925 Oheteus
280 1867 402 1941 tragedia
429 1868 532 1924 decima
552 1866 634 1923 simul
656 1884 687 1923 ac
710 1874 784 1922 totus
805 1866 997 1941 Tragediarum
1019 1864 1088 1921 liber

136 1953 183 2009 hic
198 1952 279 2008 tinem
295 1951 377 2009 habet
392 1952 435 2008 dei
457 1950 505 2027 grai
520 1968 601 2026 quern
616 1953 713 2025 scripsi
734 1969 788 2024 ego
804 1951 938 2025 Georgius
954 1950 1025 2007 iilius
1040 1948 1088 2006 liiii

135 2036 215 2093 Pauli
230 2036 308 2110 liegii
331 2037 427 2093 militis
449 2036 481 2093 de
500 2034 625 2109 Georgiis
647 2036 681 2091 de
696 2036 776 2092 ladra
797 2045 825 2091 et
846 2035 983 2109 compleui
998 2034 1089 2091 Padue

137 2122 181 2177 die
209 2137 265 2181 xvi
291 2123 393 2177 mensis
416 2121 542 2178 Octobris
566 2123 633 2179 hora
656 2140 698 2177 xx
724 2121 869 2176 millesimo
898 2121 1088 2175 trecentesimo

137 2208 318 2280 nonagesimo
335 2214 412 2262 serto
435 2214 467 2261 et
482 2205 586 2262 habui
609 2205 822 2280 exemplaria
838 2223 854 2262 a
869 2202 1021 2261 Venerabili
1036 2202 1089 2260 No·

136 2290 239 2347 bilibus
256 2299 288 2346 et
308 2289 478 2365 sapientibus
500 2292 569 2346 uiris
591 2288 652 2346 diu‘s
671 2291 754 2346 Petro
776 2291 809 2346 de
829 2288 931 2346 Rabata
952 2289 1088 2345 Canonico

137 2375 265 2432 Paduano
288 2376 391 2431 Johane
411 2374 512 2431 lieltine
539 2375 573 2431 de
593 2374 715 2431 Venetiis
735 2376 856 2431 Zanouio
877 2375 912 2431 de
932 2373 1089 2430 Catonibus

137 2460 170 2516 de
185 2461 321 2516 Viceuzia.
344 2459 442 2534 quibus
458 2468 486 2516 et
502 2459 628 2516 omnibus
650 2462 678 2515 in
694 2459 748 2516 hoc
768 2459 839 2516 libro
862 2457 1037 2515 studentibus
1057 2474 1089 2514 ac

137 2546 219 2601 michi
242 2545 349 2601 Gristus
370 2544 548 2617 Omnipotens
574 2544 703 2618 dignetur
724 2544 844 2618 Spiritus
870 2543 946 2601 Sacri
972 2543 1088 2617 gratiam

136 2629 326 2687 habundanter
346 2628 441 2701 largiri
457 2630 500 2684 cui
516 2628 627 2685 sitlans
644 2637 709 2685 ets.
727 2626 767 2703 p.’
791 2658 827 2669 -
850 2629 886 2684 lie
907 2626 1088 2686 bibliothecae

136 2713 307 2770 Pulauiensis
324 2714 388 2770 latis
404 2732 428 2771 u.
446 2714 593 2787 Serapeum
608 2730 641 2772 v1
656 2732 684 2787 p.
700 2711 740 2769 48
756 2731 790 2770 xi
805 2731 831 2787 p.
849 2712 919 2769 333.

199 2834 344 2889 Praeterea
372 2832 405 2889 ad
434 2830 629 2889 restituendam
659 2830 800 2904 uolgarem
827 2832 1015 2888 recensionem
1046 2831 1088 2886 usi

135 2935 231 2973 sumus

68 3020 119 3074 Au
199 3015 377 3077 editione
399 3015 535 3076 aldina
557 3032 712 3074 a.a11›xv11
733 3015 767 3072 ab
787 3016 954 3089 Hieronymo
969 3018 1088 3073 Auantio

136 3113 238 3161 curata.
281 3103 333 3172 Qui
358 3104 484 3177 quoniam
506 3110 581 3159 tanta
603 3119 665 3158 cum
684 3101 826 3174 diligentia
849 3108 877 3157 et
897 3118 965 3157 sano
987 3101 1087 3158 iudicio

135 3186 245 3244 adiutus
268 3186 443 3262 conplurium
459 3186 583 3245 codicum
604 3203 669 3244 mss.
692 3184 942 3258 auxiliolu.in1ra)
965 3187 992 3242 in
1009 3194 1085 3242 textu

138 3272 332 3333 constituendo
352 3280 479 3329 uersatus
501 3281 558 3334 est,
580 3280 612 3328 nt
627 3272 816 3328 recensionem
838 3271 960 3328 effecerit
981 3270 1088 3344 uolgari

137 3358 316 3419 simillimam,
339 3356 467 3413 editionis
489 3356 627 3413 aldinae
642 3356 848 3419 lectionem,
870 3357 917 3413 ubl
933 3370 995 3411 cum
1010 3355 1087 3411 libris

137 3442 297 3513 uolgaribus
319 3440 363 3498 uel
379 3441 506 3498 omuibus
527 3441 572 3498 uel
587 3440 715 3515 pluribus
736 3438 781 3496 uel
796 3457 851 3497 uno
874 3449 902 3497 et
916 3440 1004 3496 altero
1021 3455 1085 3494 oon-

136 3528 258 3590 sentiret,
275 3544 337 3600 pro
353 3526 508 3584 lectione
523 3525 668 3599 uolgata
684 3525 731 3597 (A)
747 3525 878 3588 dedimus,
894 3526 932 3580 ita
949 3531 1038 3578 tamen
1052 3531 1084 3575 ut
