2550 3917
209 221 274 287 576
451 239 562 284 ruoux
584 236 912 286 ouuuoeurrrucvs.

244 358 401 410 alesA'lOS
429 360 520 408 uitione
536 356 725 421 probiatonis.
761 357 1154 421 iun-eupelopeusM899

245 429 331 476 Teu?
366 424 617 490 pelopiusA7166
652 424 1137 490 pelopaeae=pelopiaeT641-

209 498 225 544 2
243 497 347 545 uerbn
382 495 417 543 In
433 495 607 557 coniugatione
620 495 689 558 qaod
703 493 881 543 obseruatione
899 494 999 556 diqnnm
1010 501 1081 542 esset
1091 494 1156 543 nihil

242 564 402 626 repperimus
417 561 602 623 praeternam
616 576 717 624 pauca:
735 561 827 608 tondis
842 577 893 624 pro
909 559 1008 610 tondes
1028 560 1089 612 ofr.
1104 563 1155 610 130

245 631 331 693 friget
342 645 392 692 pro
404 629 482 693 frigit
495 628 563 678 039
598 632 690 678 uomet
700 644 750 692 pro
761 629 849 677 uomit
861 627 884 677 Ο
897 630 947 678 979
961 653 988 662 -
1004 628 1155 683 tenderent

242 699 259 746 i.
274 713 295 746 e.
308 696 457 746 tenderent
468 711 516 758 pro
529 695 707 744 tetenderant
718 696 745 744 H
757 697 807 745 542
821 723 851 730 -
867 697 989 745 occurrit
1000 698 1090 744 uitiose
1101 712 1154 759 pro

244 764 398 814 occucurrit
416 763 473 812 Pfr.
491 765 514 812 ὅ.
532 789 565 798 -
595 761 722 824 (adorsus
733 781 769 806 =
781 762 893 812 adortus
909 763 999 812 11243
1017 762 1050 826 V)
1063 787 1097 801 ·-
1120 765 1155 812 de

243 833 383 880 contractio
394 832 568 894 perfectorum
581 831 673 892 formale
685 832 719 892 cf.
733 831 783 882 13.

279 989 291 1010 ⁸
312 995 353 1050 IV
390 993 453 1068 Qua
470 993 594 1049 ratione
612 1009 705 1050 uoces
723 995 777 1049 uel
795 994 976 1050 oonlunotue
995 995 1048 1050 uel

554 1061 713 1117 seiunotue
731 1062 806 1116 sint.

210 1165 698 1234 praepositionesnominibue
715 1167 786 1215 onia
804 1165 972 1215 adnexae:
991 1162 1152 1230 [demonum.

244 1251 331 1298 ancyr.
351 1233 529 1283 Mommseniue
546 1230 608 1294 (Res
623 1240 712 1296 gestae
728 1234 783 1282 diui
798 1235 909 1296 Auqnate'
925 1250 954 1296 p.
975 1231 1051 1296 145).·
1073 1249 1154 1298 saepe

243 1305 311 1351 inter
336 1302 553 1364 praepositionem
576 1306 601 1348 et
624 1317 732 1364 sequeno
754 1301 935 1350 substantiuum
958 1304 984 1350 in
1012 1302 1154 1365 archetypo

244 1385 294 1419 non
311 1370 459 1432 interpunyi
475 1371 521 1416 πίω
539 1367 637 1416 dubium
656 1375 712 1424 ean
741 1375 812 1417 certe
829 1371 856 1417 in
873 1371 957 1418 indice
974 1369 1111 1418 maioribus
1128 1377 1155 1418 et

244 1435 442 1486 erridentt'oribnr
465 1436 558 1484 litteris
580 1437 678 1499 acn'ipto
701 1438 740 1484 ita
762 1437 855 1498 legitur
877 1451 904 1485 u.
926 1429 945 1485 2·
963 1437 1070 1485 intem
1091 1452 1118 1485 u.
1138 1439 1155 1486 3

244 1505 277 1552 in
285 1500 432 1567 duabus.]
447 1503 552 1551 instato
563 1502 663 1567 aoulpa
673 1502 818 1552 abetheria
828 1503 892 1552 adte
905 1503 1041 1552 adcantus
1051 1504 1154 1567 perhae

243 1569 1154 1635 pertonantemexilloexteproptermesubplaustroprofatoprome

245 1639 405 1688 coelotenus
413 1635 538 1700 (H11319)
550 1637 792 1687 immembra'rreu
801 1639 967 1687 uoeabula
978 1640 1155 1702 conposita

245 1705 472 1755 diuelluntur:
492 1706 520 1753 in
533 1703 666 1754 domitum
680 1721 696 1753 a
708 1705 787 1754 mitto
801 1709 831 1754 at
842 1706 934 1755 tonitu
946 1721 997 1771 per
1009 1710 1103 1755 errent
1119 1722 1156 1756 ex

246 1788 326 1823 ousso
340 1773 390 1822 sub
405 1775 484 1821 aetus
497 1771 530 1820 de
545 1777 650 1822 oretum
667 1787 750 1835 anper
766 1788 825 1821 sum
843 1799 876 1808 «-
887 1774 916 1820 in
931 1788 1038 1823 cassum
1050 1774 1073 1822 T
1087 1775 1155 1824 1070

245 1841 273 1889 in
285 1841 376 1888 uicem
389 1840 412 1888 Τ
425 1841 473 1889 102
492 1866 522 1876 -
542 1840 588 1904 qui
606 1855 721 1903 eumque
739 1842 783 1892 cui
801 1854 883 1903 quam
900 1845 965 1890 ante
983 1857 1065 1905 quam
1083 1857 1155 1905 quae

244 1923 308 1956 nam
321 1909 376 1956 iarn
389 1921 423 1956 ne
437 1921 513 1956 arnor
526 1922 560 1956 ne
572 1907 628 1956 iam
640 1907 695 1956 iarn
707 1923 762 1957 non
774 1907 836 1957 dum
850 1909 932 1958 etiem
945 1923 1019 1958 num.
1047 1912 1154 1972 parti-

246 1974 345 2024 culae
371 1974 540 2024 orationie
566 1976 772 2025 coniunctae
802 1991 872 2024 oum
895 1977 1039 2025 uocibus
1068 1991 1154 2040 quae

246 2042 477 2090 subiciunturz
495 2042 576 2103 siqua
589 2042 681 2105 siquid
693 2045 746 2091 site
759 2044 864 2106 sipotes
877 2043 984 2092 sinimie
996 2043 1078 2092 sedtu
1090 2043 1155 2092 eed-

244 2123 361 2173 magnue
380 2108 481 2157 ethano
499 2109 618 2172 etfulget
635 2113 787 2158 neositotus
809 2113 908 2173 nequis
928 2112 1016 2161 iamee
1034 2111 1154 2176 iampoe-

245 2192 304 2225 sum
326 2178 390 2224 ante
412 2189 559 2238 anposeum
580 2177 707 2240 numquis
731 2182 890 2226 auteentum
903 2178 1039 2227 nonliouit
1060 2193 1155 2242 quam-

244 2257 330 2305 prope
351 2240 481 2290 tambene
503 2241 623 2304 quidhoc
645 2246 779 2293 cumtraxi
801 2244 940 2294 eudomita
957 2250 1155 2310 protector.—

244 2311 321 2357 mulca
337 2317 477 2372 praeterea
490 2313 532 2358 uel
544 2311 734 2360 coniuncturum
750 2317 804 2362 aine
822 2314 923 2364 remoue
935 2317 977 2363 uel
986 2317 1050 2362 male
1062 2315 1155 2362 direm-

243 2383 345 2438 pturum
357 2393 444 2428 uocum
456 2381 574 2441 emempt'u
585 2381 635 2428 soli
646 2378 746 2428 librarii
759 2404 789 2414 -
803 2396 875 2444 quem
887 2383 985 2445 quidem
997 2381 1085 2430 elibro
1095 2396 1155 2430 eon-

245 2445 316 2491 tinua
327 2447 459 2508 sempturn
475 2452 586 2494 exarato
603 2462 673 2494 auum
707 2450 915 2510 transmigratae
933 2450 980 2497 tue
997 2450 1054 2512 ipra
1069 2463 1099 2496 re
1113 2450 1154 2496 in-

246 2513 372 2576 umqum
392 2538 422 2546 -
439 2519 484 2562 aut
501 2515 674 2576 meyleyentiue
691 2521 735 2562 aut
752 2518 868 2565 inscitiae
885 2515 1021 2566 tribuenda
1036 2517 1156 2566 uidentur

245 2593 300 2628 esse
312 2583 380 2628 uelut
392 2582 469 2628 talia:
485 2580 712 2644 terhodopetulit‚
730 2582 955 2645 pallorraborem,
976 2583 1153 2646 siquafeoun-

246 2645 316 2709 dum,
324 2647 569 2697 inhibendataruen
581 2647 802 2700 illotheoealious
816 2656 1007 2714 expeototuam
1019 2651 1155 2716 tupraeda

246 2715 366 2762 occurrit
378 2715 417 2764 ibi
430 2715 494 2777 (ΗΠ
506 2714 563 2779 42),
581 2715 622 2764 fer
640 2717 743 2775 culum,
762 2717 820 2767 diui
836 2718 917 2780 dunt,
937 2719 1082 2780 inachus,
1105 2734 1155 2768 eas

245 2780 360 2910 pliahat
372 2782 421 2831 hos
434 2783 467 2832 de
481 2782 704 2847 lia‚1phoetontia
716 2784 788 2834 dum.
803 2811 831 2820 —
847 2787 886 2835 De
903 2789 1033 2836 literarum
1049 2788 1155 2835 elisione

245 2864 279 2901 e.
335 2887 340 2900 .
