2550 3917
512 182 680 228 PHAEDRA

139 323 297 399 stringatur
313 321 407 380 ensis:
431 325 536 381 merita
551 321 695 400 supplicia
712 323 817 397 exigat.

140 425 175 468 en
190 405 361 483 inpudicum
377 405 459 464 crine
475 413 611 465 contorto
627 415 715 483 caput

139 492 221 551 laeua
237 490 355 550 rellexi:
379 491 482 549 iustior
497 508 657 568 numquam
674 490 747 550 lucis

139 576 222 636 datus
236 577 295 636 tuis
311 583 354 634 est
369 576 489 650 sanguis
505 577 696 654 arquitenens
711 576 775 635 (lea.

106 671 122 717 n
182 672 236 719 ΡΗ.
260 659 417 738 Hippolyte
433 677 514 718 nunc
528 677 576 718 me
592 668 760 737 computem
776 662 837 720 uoti
854 661 938 722 lacis:

138 763 223 803 sanas
237 746 398 804 lucentem.
427 746 522 803 maius
538 743 595 804 hnc
609 754 680 804 uoto
697 763 765 804 meo
782 755 825 805 est

137 828 219 889 saluo
236 838 268 889 ut
283 828 424 906 pudore
440 827 576 887 manibus
591 830 735 888 inmoriar
750 831 817 890 tuis.
1069 842 1117 889 720

136 927 229 972 Hirr.
247 911 382 972 abscede.
412 913 496 971 uiue:
520 914 642 992 nequid
659 931 765 973 exores
781 923 809 973 et
825 915 872 974 iric

137 1005 290 1058 contactus
305 998 383 1057 ensis
398 996 516 1058 deserat
531 1006 643 1057 castum
659 998 744 1057 latus.

96 1085 127 1142 e''
179 1083 252 1154 Quis
267 1081 345 1142 eluet
360 1100 407 1140 me
421 1081 546 1140 Tanais?
568 1089 618 1144 aut
633 1100 709 1160 quae
723 1081 858 1142 barbaris

135 1169 260 1228 maeotis
275 1166 363 1226 undis
379 1166 499 1244 pontico
514 1166 690 1226 incumbens
707 1169 798 1227 mari?

135 1270 195 1312 non
211 1253 275 1329 ipse
290 1258 352 1310 tuto
368 1268 492 1328 magnus
507 1268 618 1311 oceano
636 1261 720 1329 pater
1070 1264 1118 1311 725

135 1343 251 1397 tantum
268 1337 394 1414 expiarit
408 1334 538 1399 sceleris.
569 1354 586 1395 o
602 1335 694 1396 siluae
711 1354 727 1394 o
745 1335 833 1394 lerae.

100 1448 118 1493 g
177 1434 258 1480 nvr.
282 1421 430 1499 Deprensa
447 1416 532 1496 culpa
549 1426 601 1480 est.
629 1423 725 1480 anime
742 1420 811 1497 quid
823 1421 920 1498 segnis
932 1421 1050 1499 stupes?

133 1523 310 1582 regeramus
325 1506 380 1582 ipsi
395 1505 508 1564 crimen
523 1512 613 1581 atquc
629 1504 706 1564 ultro
723 1505 840 1582 impiam

134 1607 277 1652 uenerem
293 1606 459 1666 arguamus.
484 1588 635 1648 -scelere
652 1589 809 1649 uelandum
827 1598 871 1648 est
887 1587 1022 1663 scelus.

59 1683 63 1690 '
133 1676 315 1735 tutissimum
334 1681 378 1733 est
392 1674 504 1732 inlerre
521 1691 587 1733 cum
604 1675 709 1734 timeas
725 1675 858 1751 gradum.
1067 1688 1116 1736 730

134 1778 225 1819 ausae
240 1760 356 1836 priores
371 1759 464 1817 simus
479 1775 515 1817 an
532 1774 635 1835 passae
652 1758 734 1818 nelas

112 1869 116 1874 ’
133 1851 249 1904 secreta
266 1861 334 1903 cum
351 1844 388 1902 sit
403 1842 490 1920 culpa
506 1844 572 1920 quis
587 1844 669 1901 testis
684 1843 776 1904 sciet?

97 1928 122 2000 ς’
176 1927 287 1989 Adeste
302 1926 432 1986 Athenae
455 1926 511 1986 fida
528 1925 707 1987 lamulcrum
723 1945 828 1987 manus

132 2013 178 2072 ier
194 2030 297 2091 opem,
322 2011 439 2071 nefandi
454 2018 557 2088 raptor
573 2010 747 2090 Hippolytus
762 2014 857 2088 stupri

133 2098 222 2157 instat
236 2097 402 2174 premitque
417 2096 521 2155 mortis
531 2096 659 2155 intentat
676 2104 785 2156 metum

132 2181 214 2241 lerrc
231 2181 367 2258 pudicam
383 2187 486 2240 terret.
516 2197 551 2239 eu
569 2197 712 2258 praeceps
727 2179 787 2241 abit

135 2283 297 2342 ensemque
313 2265 426 2342 trepida
441 2264 526 2343 liquit
541 2266 682 2324 attonitus
697 2265 775 2342 luga.

134 2351 242 2428 pignus
257 2357 391 2409 tenemus
406 2347 571 2409 sceleris
604 2349 680 2408 hanc
697 2357 837 2410 maestam
854 2352 935 2427 prius
992 2385 999 2393 -

134 2443 277 2494 recreate.

98 2516 122 2570 h'
339 2518 434 2579 Crinis
451 2525 561 2577 tractus
577 2526 604 2578 et
620 2517 736 2578 lacerae
753 2536 855 2578 comae

135 2610 166 2663 ut
180 2610 252 2664 suut
266 2610 440 2663 remaneant
456 2603 594 2662 facinoris
610 2604 682 2661 tanti
700 2611 797 2664 notae.
1068 2615 1117 2663 740

134 2688 267 2765 perferte
282 2688 311 2746 in
327 2686 443 2747 urbem.
463 2722 498 2730 —
517 2689 617 2764 recipe
632 2687 690 2746 iam
707 2705 812 2746 sensus
827 2687 908 2748 hera.

133 2773 204 2850 quid
219 2780 250 2832 te
265 2773 328 2850 ipsa
345 2770 478 2832 lacerans
493 2773 624 2830 omnium
643 2771 798 2849 adspectus
814 2771 908 2849 iugis?

133 2874 218 2916 mens
234 2856 448 2933 inpudicam
467 2856 564 2915 lacere
580 2873 638 2914 non
656 2874 741 2915 cesus
757 2854 839 2915 solet.

202 3094 252 3143 715
271 3096 299 3142 et
316 3092 342 3140 Ε
361 3108 394 3141 eu
414 3094 437 3140 Α
454 3089 466 3158 ΙΙ
483 3094 533 3142 718
550 3093 641 3140 facies
659 3091 684 3140 Ε
700 3088 711 3157 Η
729 3094 778 3142 720
796 3092 905 3143 uoluunt
922 3093 947 3142 E
967 3089 979 3160 ΙΙ
1000 3094 1049 3142 726

131 3175 147 3208 ο
165 3160 239 3210 silua
259 3176 291 3210 eo
310 3161 388 3209 ferae
407 3157 455 3226 ΕΗ
470 3162 519 3210 728
538 3161 616 3224 ipsae
636 3161 659 3208 A
677 3159 732 3223 ipsi
749 3167 788 3223 ψε
805 3157 817 3226 Η
834 3163 883 3211 728
901 3161 1050 3212 celandum

131 3230 162 3278 ci.
182 3229 249 3281 ΕΡ.
266 3224 278 3293 11
302 3228 352 3278 735
369 3227 521 3277 intentans
540 3230 571 3277 ci.
591 3229 640 3276 Du.
660 3228 709 3279 Hc.
733 3223 745 3294 [Ι
768 3230 817 3278 737
835 3228 972 3293 trepidam
989 3229 1015 3277 E
1035 3226 1048 3292 ll

131 3330 182 3380 740
199 3336 281 3380 notas
300 3330 324 3378 Α
348 3330 456 3390 nutele*
479 3326 490 3394 Η
519 3331 566 3379 741
580 3329 684 3379 referte
702 3329 727 3378 Α
750 3329 873 3394 perferte
891 3329 917 3377 Ε
943 3326 954 3396 Η
983 3305 1050 3380 berg.

132 3396 159 3456 (o
176 3414 229 3451 scr.
250 3401 266 3447 2
284 3396 328 3462 m.)
347 3397 373 3445 Ε
384 3394 396 3461 ΙΙ
408 3400 457 3449 742
475 3398 585 3447 laceras
603 3397 629 3444 E
649 3397 777 3446 lacerans
796 3394 845 3462 ΑΗ
862 3405 1005 3462 aspectum
1024 3399 1048 3449 Α

131 3463 281 3531 adspectus
299 3465 324 3513 Ε
353 3460 365 3530 ΙΙ
875 3488 885 3497 -
