2550 3917
417 183 799 233 onnrrrrnaonnunvn
1005 170 1065 233 111

101 324 138 382 d''
191 324 255 403 Ego
271 324 369 385 laticis
384 324 491 384 haustu
506 326 597 385 satior
612 333 663 384 aut
678 322 737 385 uilo
753 324 836 383 iruor

147 409 242 470 aimao
258 409 392 489 parentis
406 409 549 470 munere?
572 426 626 487 ego
643 415 751 469 castam
768 426 887 469 manum

147 493 295 555 nefandus
310 493 492 554 incestificus
507 490 682 554 execrabilis

147 579 292 639 attracto?
314 596 369 655 ego
385 575 461 638 ulios
476 595 548 638 aure
563 578 700 654 concipio
716 594 805 651 sonos

146 680 202 742 per
218 681 293 743 quos
309 662 441 742 parentis
456 678 566 722 nomen
581 669 632 722 aut
647 663 728 739 gnati
743 661 877 723 audiam?

97 744 136 803 ‹1'‘'
190 747 307 807 Vtinam
324 746 444 827 quidem
458 746 632 807 rescindere
648 746 702 807 hos
717 748 831 824 quirem
847 746 911 807 uias
1011 790 1013 794 ,

144 832 342 910 manibusque
357 832 468 892 adactis
482 848 570 892 omne
586 849 644 909 qua
660 848 751 892 uoces
766 838 867 891 meant

144 916 301 995 aditusque
316 915 417 976 uerbis
432 917 550 976 tramite
565 923 691 993 angusto
706 922 787 993 patet

144 1018 252 1061 eruere
266 1018 385 1079 possem
401 1008 497 1076 gnata.
525 1002 582 1061 iam
599 1018 720 1061 sensum
735 1002 788 1068 tui,

144 1102 221 1161 quae
238 1103 309 1163 pars
325 1103 460 1146 meorum
476 1102 508 1146 es
524 1086 691 1154 criminum,
709 1082 808 1145 infelix
824 1092 907 1162 pater

142 1170 335 1247 fugissem.

116 1275 132 1308 a
370 1252 508 1315 Inhaeret
523 1272 557 1315 ac
572 1254 757 1315 recrudescit
771 1254 855 1315 neias

143 1337 270 1399 subinde
287 1345 316 1399 et
331 1356 420 1400 aures
434 1338 574 1416 ingerunt
588 1338 727 1419 quicquid
744 1338 817 1400 mihi

143 1422 276 1483 donastis
292 1421 379 1483 oculi.
411 1440 465 1483 cur
479 1430 568 1501 caput
582 1423 716 1483 tenebris
731 1440 822 1499 graue

141 1525 203 1567 non
220 1509 304 1567 mitto
320 1508 356 1568 ad
374 1506 494 1567 umbras
510 1507 583 1567 uitis
597 1507 729 1569 aeterni?
752 1506 823 1586 quid
838 1506 889 1566 hic

141 1608 245 1652 manes
261 1610 345 1652 meos
359 1592 499 1653 detineo?
522 1592 591 1670 quid
607 1600 719 1653 terram
736 1608 829 1669 grano

29 1747 30 1750 Ἴ
141 1678 311 1755 mixtusque
327 1678 443 1755 superis
458 1677 546 1737 erro?
569 1678 640 1755 quid
655 1683 748 1737 restat
762 1675 849 1737 maii?

29 1765 30 1770 ’
105 1755 130 1813 a'
185 1760 320 1838 Regnum
336 1768 475 1838 parentes
490 1760 577 1822 liberi
591 1763 687 1823 uirtus
704 1778 820 1839 quoque

142 1852 172 1905 et
187 1845 288 1923 ingeni
302 1844 421 1906 solertis
436 1846 573 1907 eximium
590 1846 683 1907 decus

141 1929 274 2006 periere:
298 1938 406 1991 cuncta
420 1947 487 1991 sors
502 1930 575 1991 mihi
590 1931 696 1991 intesta
712 1928 841 1991 abstulit.

141 2013 282 2074 lacrimae
297 2023 484 2092 supererant,
501 2014 555 2075 has
570 2033 689 2094 qnoque
705 2015 815 2092 eripuit
830 2015 912 2078 mihi.
931 2046 969 2059 -

141 2097 261 2159 absiste.
285 2096 382 2159 nullas
396 2100 511 2161 animus
527 2099 655 2160 admittit
669 2118 774 2178 preces

142 2198 311 2260 nouamque
327 2200 455 2260 poenam
470 2182 633 2243 sceleribus
649 2184 764 2265 quaerit
779 2181 891 2260 parem.

114 2266 131 2316 d
185 2266 222 2326 iit
237 2284 303 2327 esse
318 2283 372 2343 par
388 2284 464 2346 quae
479 2268 606 2345 poterit?
628 2266 733 2327 intanti
750 2284 867 2345 quoque

142 2349 261 2411 decreta
278 2368 378 2410 mors
393 2357 447 2412 est.
477 2352 611 2412 uideram
628 2351 759 2411 nondum
776 2352 853 2412 diem
1024 2370 1085 2419 244⁸
1098 2369 1164 2421 2451>

143 2435 280 2514 uterique
295 2434 425 2495 nondum
442 2434 590 2497 solueram
606 2435 699 2497 clausi
714 2453 813 2497 moras
1008 2466 1164 2509 fflxxxffl

144 2526 173 2578 ei
187 2521 246 2579 iam
262 2518 399 2580 timebar.
428 2522 564 2597 protinus
579 2522 723 2600 quosdam
740 2522 833 2581 editos
854 2520 858 2584 Ῐ

143 2621 202 2663 nox
218 2606 378 2683 occupauit
392 2612 421 2664 ct
437 2622 533 2666 nouae
548 2603 608 2665 inci
623 2603 752 2675 abstulit,

29 2687 30 2758 i
112 2679 136 2736 d'
187 2688 288 2749 Mors
304 2707 351 2750 me
367 2691 533 2750 antecessit.
561 2689 619 2750 iata
636 2691 701 2768 quis
716 2697 775 2750 tam
790 2692 884 2751 tristia
1028 2706 1164 2759 adortat

143 2774 264 2834 sortitus
279 2775 437 2852 umquam?
459 2772 564 2854 aliquis
578 2775 655 2834 intra
672 2776 786 2836 uiscera
1026 2795 1087 2843 245²
1098 2791 1163 2843 249¹>

143 2865 276 2919 materna
292 2855 384 2918 letum
399 2859 576 2938 praecoquis
591 2858 643 2919 fati
660 2858 733 2928 tulit,

207 3044 258 3092 226
282 3058 358 3093 meas
378 3042 404 3092 E
432 3043 494 3094 nias
512 3044 538 3092 A
572 3040 586 3109 fl
624 3021 675 3095 2'29
702 3058 812 3093 sensum
834 3044 875 3093 tui
894 3044 919 3093 A
950 3056 1063 3096 sonsum'

141 3111 220 3189 spitui
236 3110 264 3160 E
286 3109 339 3174 (tui
356 3126 426 3162 corr.
443 3120 479 3161 erc
498 3112 544 3161 cui
561 3128 578 3161 a
596 3112 667 3175 lm.)
692 3127 714 3161 s.
736 3112 788 3162 nh!
808 3112 848 3161 tui
865 3114 897 3162 ci.
912 3112 1019 3164 Istron.
1037 3110 1049 3180 H

140 3196 188 3245 230
207 3194 354 3245 criminum
372 3210 404 3246 es
420 3197 446 3246 A
468 3194 646 3247 &criminum
664 3196 690 3245 E
713 3192 725 3261 ss
752 3198 803 3247 233
821 3197 948 3263 negastis
965 3198 991 3247 A
1011 3198 1058 3248 do·

140 3263 228 3312 nantis
240 3263 266 3311 E
278 3271 297 3314 t.
312 3263 356 3314 Gr.
380 3259 394 3330 ss
415 3267 466 3317 234
484 3269 614 3315 aeternas
626 3266 652 3315 A
672 3264 780 3315 aeterni
792 3264 818 3313 Ε
841 3260 852 3330 ΙΙ
876 3266 926 3316 240
939 3266 1058 3330 eripuiA

141 3330 240 3448 {iiii
257 3330 421 3464 iiiiii?
436 3329 462 3450 d
475 3332 891 3466 niss²t⁹i‘¹idafa⁹1i¹0⁹1ma‘²p
910 3332 1061 3451 'idid

140 3464 185 3515 duc
202 3468 338 3517 reuocauit
355 3468 420 3517 ΕΡ.
441 3464 453 3533 ss
482 3470 532 3519 250
550 3470 699 3533 praecoqui
719 3483 738 3517 α
759 3468 906 3532 precoquis
923 3467 973 3530 Εψ
985 3463 997 3530 Η
