<?xml version="1.0" encoding="UTF-8"?>
<!DOCTYPE html PUBLIC "-//W3C//DTD XHTML 1.0 Transitional//EN"
    "http://www.w3.org/TR/xhtml1/DTD/xhtml1-transitional.dtd">
<html xmlns="http://www.w3.org/1999/xhtml" xml:lang="en" lang="en">
 <head>
  <title>
</title>
<meta http-equiv="Content-Type" content="text/html;charset=utf-8" />
  <meta name='ocr-system' content='tesseract 3.04.00' />
  <meta name='ocr-capabilities' content='ocr_page ocr_carea ocr_par ocr_line ocrx_word'/>
</head>
<body>
  <div class='ocr_page' id='page_1' title='image "./lannaeisenecaet00richgoog_0149.png"; bbox 0 0 2550 3917; ppageno 0'>
   <div class='ocr_carea' id='block_1_1' title="bbox 212 213 845 277">
    <p class='ocr_par' dir='ltr' id='par_1_1' title="bbox 212 213 845 277">
     <span class='ocr_line' id='line_1_1' title="bbox 212 213 845 277; baseline -0.009 0"><span class='ocrx_word' id='word_1_1' title='bbox 212 213 253 277; x_wconf 86' lang='grc'><strong>96</strong></span> <span class='ocrx_word' id='word_1_2' title='bbox 489 226 520 272; x_wconf 83' lang='lat' dir='ltr'><strong>L.</strong></span> <span class='ocrx_word' id='word_1_3' title='bbox 540 224 673 271; x_wconf 80' lang='lat' dir='ltr'><strong>nuunnr</strong></span> <span class='ocrx_word' id='word_1_4' title='bbox 689 222 845 272; x_wconf 71' lang='lat' dir='ltr'><strong>sunnone</strong></span> 
     </span>
    </p>
   </div>
   <div class='ocr_carea' id='block_1_2' title="bbox 211 362 959 526">
    <p class='ocr_par' dir='ltr' id='par_1_2' title="bbox 211 362 959 526">
     <span class='ocr_line' id='line_1_2' title="bbox 211 362 959 443; baseline -0.008 -16"><span class='ocrx_word' id='word_1_5' title='bbox 211 368 296 427; x_wconf 65' lang='lat' dir='ltr'><strong>Auen</strong></span> <span class='ocrx_word' id='word_1_6' title='bbox 553 364 659 442; x_wconf 84' lang='lat' dir='ltr'><strong>expedi</strong></span> <span class='ocrx_word' id='word_1_7' title='bbox 675 362 842 443; x_wconf 85' lang='lat' dir='ltr'><strong>ampiexus,</strong></span> <span class='ocrx_word' id='word_1_8' title='bbox 859 369 959 439; x_wconf 84' lang='lat' dir='ltr'><strong>peter:</strong></span> 
     </span>
     <span class='ocr_line' id='line_1_3' title="bbox 212 448 903 526; baseline -0.007 -14"><span class='ocrx_word' id='word_1_9' title='bbox 212 468 332 512; x_wconf 86' lang='lat' dir='ltr'><strong>uenere.</strong></span> <span class='ocrx_word' id='word_1_10' title='bbox 365 455 474 509; x_wconf 82' lang='lat' dir='ltr'><strong>notos</strong></span> <span class='ocrx_word' id='word_1_11' title='bbox 495 448 599 525; x_wconf 83' lang='lat' dir='ltr'>ecquid</span> <span class='ocrx_word' id='word_1_12' title='bbox 621 450 794 526; x_wconf 81' lang='lat' dir='ltr'>agnoscis</span> <span class='ocrx_word' id='word_1_13' title='bbox 816 448 903 507; x_wconf 76' lang='lat' dir='ltr'><strong>tuos?</strong></span> 
     </span>
    </p>
   </div>
   <div class='ocr_carea' id='block_1_3' title="bbox 73 530 1222 611">
    <p class='ocr_par' dir='ltr' id='par_1_3' title="bbox 73 530 1222 611">
     <span class='ocr_line' id='line_1_4' title="bbox 73 530 1222 611; baseline 0.002 -18"><span class='ocrx_word' id='word_1_14' title='bbox 73 564 79 571; x_wconf 89' lang='lat'><strong>·</strong></span> <span class='ocrx_word' id='word_1_15' title='bbox 177 544 196 593; x_wconf 76' lang='lat'><strong>&lt;1</strong></span> <span class='ocrx_word' id='word_1_16' title='bbox 257 548 338 595; x_wconf 77' lang='lat' dir='ltr'><strong>unu.</strong></span> <span class='ocrx_word' id='word_1_17' title='bbox 366 533 684 611; x_wconf 81' lang='lat' dir='ltr'><strong>Agnoscoiratrern.</strong></span> <span class='ocrx_word' id='word_1_18' title='bbox 711 533 839 593; x_wconf 85' lang='lat' dir='ltr'><strong>sustines</strong></span> <span class='ocrx_word' id='word_1_19' title='bbox 855 538 966 591; x_wconf 82' lang='lat' dir='ltr'><strong>tanturn</strong></span> <span class='ocrx_word' id='word_1_20' title='bbox 983 530 1065 592; x_wconf 84' lang='lat' dir='ltr'><strong>neios</strong></span> <span class='ocrx_word' id='word_1_21' title='bbox 1151 548 1222 597; x_wconf 84' lang='lat'>1010</span> 
     </span>
    </p>
   </div>
   <div class='ocr_carea' id='block_1_4' title="bbox 174 617 1259 2528">
    <p class='ocr_par' dir='ltr' id='par_1_4' title="bbox 174 617 1259 2528">
     <span class='ocr_line' id='line_1_5' title="bbox 212 617 844 698; baseline -0.009 -17"><span class='ocrx_word' id='word_1_22' title='bbox 212 627 328 698; x_wconf 83' lang='lat' dir='ltr'><strong>gestare</strong></span> <span class='ocrx_word' id='word_1_23' title='bbox 344 617 450 678; x_wconf 82' lang='lat' dir='ltr'><strong>teiiusi</strong></span> <span class='ocrx_word' id='word_1_24' title='bbox 473 634 531 676; x_wconf 94' lang='lat' dir='ltr'><strong>non</strong></span> <span class='ocrx_word' id='word_1_25' title='bbox 548 618 584 676; x_wconf 83' lang='lat' dir='ltr'><strong>ed</strong></span> <span class='ocrx_word' id='word_1_26' title='bbox 599 617 748 676; x_wconf 82' lang='lat' dir='ltr'><strong>infernam</strong></span> <span class='ocrx_word' id='word_1_27' title='bbox 763 624 844 696; x_wconf 77' lang='lat' dir='ltr'><strong>styga</strong></span> 
     </span>
     <span class='ocr_line' id='line_1_6' title="bbox 213 700 903 782; baseline -0.004 -20"><span class='ocrx_word' id='word_1_28' title='bbox 213 706 415 782; x_wconf 80' lang='lat' dir='ltr'><strong><em>tenebrasque</em></strong></span> <span class='ocrx_word' id='word_1_29' title='bbox 430 703 559 779; x_wconf 74' lang='lat' dir='ltr'><strong>mergis?</strong></span> <span class='ocrx_word' id='word_1_30' title='bbox 582 709 670 778; x_wconf 80' lang='lat' dir='ltr'><strong>rupta</strong></span> <span class='ocrx_word' id='word_1_31' title='bbox 687 709 713 761; x_wconf 89' lang='lat' dir='ltr'><strong>et</strong></span> <span class='ocrx_word' id='word_1_32' title='bbox 729 701 840 778; x_wconf 81' lang='lat' dir='ltr'><strong>ingenti</strong></span> <span class='ocrx_word' id='word_1_33' title='bbox 856 700 903 760; x_wconf 84' lang='lat' dir='ltr'><strong>uia</strong></span> 
     </span>
     <span class='ocr_line' id='line_1_7' title="bbox 214 784 889 863; baseline -0.007 -15"><span class='ocrx_word' id='word_1_34' title='bbox 214 788 250 848; x_wconf 84' lang='lat' dir='ltr'><strong>ad</strong></span> <span class='ocrx_word' id='word_1_35' title='bbox 267 788 358 848; x_wconf 82' lang='lat' dir='ltr'><strong>chaos</strong></span> <span class='ocrx_word' id='word_1_36' title='bbox 374 789 461 847; x_wconf 82' lang='lat' dir='ltr'><strong>inane</strong></span> <span class='ocrx_word' id='word_1_37' title='bbox 476 802 569 863; x_wconf 82' lang='lat' dir='ltr'><strong>regna</strong></span> <span class='ocrx_word' id='word_1_38' title='bbox 587 802 654 845; x_wconf 84' lang='lat' dir='ltr'><strong>curn</strong></span> <span class='ocrx_word' id='word_1_39' title='bbox 671 803 742 863; x_wconf 88' lang='lat' dir='ltr'><strong>rege</strong></span> <span class='ocrx_word' id='word_1_40' title='bbox 758 784 889 862; x_wconf 78' lang='lat' dir='ltr'><strong>abripis?</strong></span> 
     </span>
     <span class='ocr_line' id='line_1_8' title="bbox 214 867 837 932; baseline -0.006 0"><span class='ocrx_word' id='word_1_41' title='bbox 214 889 273 932; x_wconf 95' lang='lat' dir='ltr'><strong>nou</strong></span> <span class='ocrx_word' id='word_1_42' title='bbox 289 879 349 932; x_wconf 83' lang='lat' dir='ltr'><strong>tote</strong></span> <span class='ocrx_word' id='word_1_43' title='bbox 365 869 402 931; x_wconf 83' lang='lat' dir='ltr'><strong>ab</strong></span> <span class='ocrx_word' id='word_1_44' title='bbox 418 872 478 930; x_wconf 92' lang='lat' dir='ltr'><strong>imo</strong></span> <span class='ocrx_word' id='word_1_45' title='bbox 493 876 570 929; x_wconf 84' lang='lat' dir='ltr'><strong>tecte</strong></span> <span class='ocrx_word' id='word_1_46' title='bbox 587 867 760 930; x_wconf 88' lang='lat' dir='ltr'><strong>conuellens</strong></span> <span class='ocrx_word' id='word_1_47' title='bbox 775 867 837 928; x_wconf 90' lang='lat' dir='ltr'><strong>solo</strong></span> 
     </span>
     <span class='ocr_line' id='line_1_9' title="bbox 214 956 476 1035; baseline -0.011 -18"><span class='ocrx_word' id='word_1_48' title='bbox 214 958 307 1017; x_wconf 78' lang='lat' dir='ltr'><strong>uectis</strong></span> <span class='ocrx_word' id='word_1_49' title='bbox 320 956 476 1035; x_wconf 75' lang='lat' dir='ltr'>Mycenas?</span> 
     </span>
     <span class='ocr_line' id='line_1_10' title="bbox 193 1036 868 1099; baseline -0.003 0"><span class='ocrx_word' id='word_1_50' title='bbox 193 1039 199 1058; x_wconf 85' lang='lat'><em>&#39;</em></span> <span class='ocrx_word' id='word_1_51' title='bbox 517 1037 602 1098; x_wconf 87' lang='lat' dir='ltr'><strong>Stare</strong></span> <span class='ocrx_word' id='word_1_52' title='bbox 618 1039 697 1099; x_wconf 83' lang='lat' dir='ltr'><strong>circa</strong></span> <span class='ocrx_word' id='word_1_53' title='bbox 712 1036 868 1098; x_wconf 79' lang='lat' dir='ltr'><strong>Tantalum</strong></span> 
     </span>
     <span class='ocr_line' id='line_1_11' title="bbox 214 1122 902 1203; baseline -0.003 -18"><span class='ocrx_word' id='word_1_54' title='bbox 214 1133 341 1203; x_wconf 88' lang='lat' dir='ltr'><strong>uterque</strong></span> <span class='ocrx_word' id='word_1_55' title='bbox 356 1124 413 1183; x_wconf 81' lang='lat' dir='ltr'><strong>iarn</strong></span> <span class='ocrx_word' id='word_1_56' title='bbox 430 1123 602 1183; x_wconf 86' lang='lat' dir='ltr'><strong>debuimus:</strong></span> <span class='ocrx_word' id='word_1_57' title='bbox 624 1122 694 1181; x_wconf 89' lang='lat' dir='ltr'><strong>hinc</strong></span> <span class='ocrx_word' id='word_1_58' title='bbox 711 1122 902 1200; x_wconf 84' lang='lat' dir='ltr'><strong>compagibus</strong></span> 
     </span>
     <span class='ocr_line' id='line_1_12' title="bbox 215 1206 906 1284; baseline -0.007 -14"><span class='ocrx_word' id='word_1_59' title='bbox 215 1218 244 1270; x_wconf 90' lang='lat' dir='ltr'><strong>et</strong></span> <span class='ocrx_word' id='word_1_60' title='bbox 259 1210 328 1269; x_wconf 89' lang='lat' dir='ltr'><strong>binc</strong></span> <span class='ocrx_word' id='word_1_61' title='bbox 343 1207 486 1275; x_wconf 89' lang='lat' dir='ltr'><strong>reuulsis‚</strong></span> <span class='ocrx_word' id='word_1_62' title='bbox 503 1209 528 1267; x_wconf 87' lang='lat' dir='ltr'><strong>si</strong></span> <span class='ocrx_word' id='word_1_63' title='bbox 545 1206 614 1284; x_wconf 90' lang='lat' dir='ltr'><strong>quid</strong></span> <span class='ocrx_word' id='word_1_64' title='bbox 631 1206 706 1266; x_wconf 81' lang='lat' dir='ltr'><strong>inira</strong></span> <span class='ocrx_word' id='word_1_65' title='bbox 722 1206 846 1267; x_wconf 85' lang='lat' dir='ltr'><strong>Tartara</strong></span> <span class='ocrx_word' id='word_1_66' title='bbox 862 1214 906 1266; x_wconf 87' lang='lat' dir='ltr'><strong>est</strong></span> 
     </span>
     <span class='ocr_line' id='line_1_13' title="bbox 216 1291 870 1371; baseline -0.006 -17"><span class='ocrx_word' id='word_1_67' title='bbox 216 1311 347 1371; x_wconf 84' lang='lat' dir='ltr'><strong>auosque</strong></span> <span class='ocrx_word' id='word_1_68' title='bbox 361 1300 490 1361; x_wconf 90' lang='lat' dir='ltr'><strong>nostros,</strong></span> <span class='ocrx_word' id='word_1_69' title='bbox 506 1291 566 1350; x_wconf 91' lang='lat' dir='ltr'><strong>huc</strong></span> <span class='ocrx_word' id='word_1_70' title='bbox 582 1299 661 1351; x_wconf 84' lang='lat' dir='ltr'><strong>tuem</strong></span> <span class='ocrx_word' id='word_1_71' title='bbox 678 1292 788 1351; x_wconf 81' lang='lat' dir='ltr'><strong>inmani</strong></span> <span class='ocrx_word' id='word_1_72' title='bbox 804 1292 870 1352; x_wconf 93' lang='lat' dir='ltr'><strong>sinu</strong></span> 
     </span>
     <span class='ocr_line' id='line_1_14' title="bbox 216 1374 822 1453; baseline -0.005 -15"><span class='ocrx_word' id='word_1_73' title='bbox 216 1379 336 1438; x_wconf 88' lang='lat' dir='ltr'><strong>demitte</strong></span> <span class='ocrx_word' id='word_1_74' title='bbox 351 1375 459 1437; x_wconf 86' lang='lat' dir='ltr'><strong>uellem</strong></span> <span class='ocrx_word' id='word_1_75' title='bbox 475 1393 589 1453; x_wconf 89' lang='lat' dir='ltr'><strong>nosque</strong></span> <span class='ocrx_word' id='word_1_76' title='bbox 606 1374 740 1437; x_wconf 80' lang='lat' dir='ltr'><strong>defossos</strong></span> <span class='ocrx_word' id='word_1_77' title='bbox 756 1383 822 1453; x_wconf 89' lang='lat' dir='ltr'><strong>tege</strong></span> 
     </span>
     <span class='ocr_line' id='line_1_15' title="bbox 215 1462 536 1525; baseline -0.022 0"><span class='ocrx_word' id='word_1_78' title='bbox 215 1462 382 1525; x_wconf 84' lang='lat' dir='ltr'><strong>Acheronte</strong></span> <span class='ocrx_word' id='word_1_79' title='bbox 396 1468 469 1520; x_wconf 89' lang='lat' dir='ltr'><strong>toto.</strong></span> <span class='ocrx_word' id='word_1_80' title='bbox 534 1499 536 1502; x_wconf 93' lang='lat'>-</span> 
     </span>
     <span class='ocr_line' id='line_1_16' title="bbox 174 1544 828 1623; baseline -0.002 -20"><span class='ocrx_word' id='word_1_81' title='bbox 174 1544 208 1603; x_wconf 82' lang='lat' dir='ltr'><strong>d&#39;&#39;</strong></span> <span class='ocrx_word' id='word_1_82' title='bbox 506 1544 618 1605; x_wconf 81' lang='lat' dir='ltr'><strong>Noniae</strong></span> <span class='ocrx_word' id='word_1_83' title='bbox 633 1561 723 1621; x_wconf 83' lang='lat' dir='ltr'><strong>supro</strong></span> <span class='ocrx_word' id='word_1_84' title='bbox 740 1550 828 1623; x_wconf 84' lang='lat' dir='ltr'><strong>caput</strong></span> 
     </span>
     <span class='ocr_line' id='line_1_17' title="bbox 220 1628 918 1707; baseline -0.003 -17"><span class='ocrx_word' id='word_1_85' title='bbox 220 1631 335 1691; x_wconf 80' lang='lat' dir='ltr'><strong>animae</strong></span> <span class='ocrx_word' id='word_1_86' title='bbox 352 1635 498 1707; x_wconf 80' lang='lat' dir='ltr'><strong>ungentur</strong></span> <span class='ocrx_word' id='word_1_87' title='bbox 514 1635 648 1688; x_wconf 83' lang='lat' dir='ltr'><strong>nostrum</strong></span> <span class='ocrx_word' id='word_1_88' title='bbox 666 1635 694 1689; x_wconf 90' lang='lat' dir='ltr'><strong>et</strong></span> <span class='ocrx_word' id='word_1_89' title='bbox 710 1629 826 1689; x_wconf 79' lang='lat' dir='ltr'><strong>ardenti</strong></span> <span class='ocrx_word' id='word_1_90' title='bbox 840 1628 918 1689; x_wconf 85' lang='lat' dir='ltr'><strong>freto</strong></span> 
     </span>
     <span class='ocr_line' id='line_1_18' title="bbox 220 1713 861 1793; baseline -0.003 -18"><span class='ocrx_word' id='word_1_91' title='bbox 220 1714 399 1793; x_wconf 80' lang='lat' dir='ltr'><strong>phlegethon</strong></span> <span class='ocrx_word' id='word_1_92' title='bbox 417 1713 543 1774; x_wconf 79' lang='lat' dir='ltr'><strong>irarenas</strong></span> <span class='ocrx_word' id='word_1_93' title='bbox 556 1714 664 1790; x_wconf 85' lang='lat' dir='ltr'><strong>igneus</strong></span> <span class='ocrx_word' id='word_1_94' title='bbox 681 1718 756 1773; x_wconf 82' lang='lat' dir='ltr'><strong>totas</strong></span> <span class='ocrx_word' id='word_1_95' title='bbox 771 1730 861 1791; x_wconf 80' lang='lat' dir='ltr'><strong>agens</strong></span> 
     </span>
     <span class='ocr_line' id='line_1_19' title="bbox 221 1795 791 1876; baseline -0.005 -18"><span class='ocrx_word' id='word_1_96' title='bbox 221 1800 308 1858; x_wconf 83' lang='lat' dir='ltr'><strong>exitia</strong></span> <span class='ocrx_word' id='word_1_97' title='bbox 325 1815 415 1876; x_wconf 85' lang='lat' dir='ltr'><strong>supra</strong></span> <span class='ocrx_word' id='word_1_98' title='bbox 431 1804 531 1857; x_wconf 82' lang='lat' dir='ltr'><strong>nostra</strong></span> <span class='ocrx_word' id='word_1_99' title='bbox 547 1795 695 1856; x_wconf 90' lang='lat' dir='ltr'><strong>uiolentus</strong></span> <span class='ocrx_word' id='word_1_100' title='bbox 709 1797 791 1857; x_wconf 81' lang='lat' dir='ltr'><strong>fluet.</strong></span> 
     </span>
     <span class='ocr_line' id='line_1_20' title="bbox 217 1880 816 1959; baseline -0.002 -18"><span class='ocrx_word' id='word_1_101' title='bbox 217 1884 327 1942; x_wconf 85' lang='lat' dir='ltr'><strong>inmota</strong></span> <span class='ocrx_word' id='word_1_102' title='bbox 344 1880 431 1942; x_wconf 85' lang='lat' dir='ltr'><strong>tellus</strong></span> <span class='ocrx_word' id='word_1_103' title='bbox 446 1881 562 1959; x_wconf 88' lang='lat' dir='ltr'><strong>pondus</strong></span> <span class='ocrx_word' id='word_1_104' title='bbox 577 1882 717 1958; x_wconf 83' lang='lat' dir='ltr'><strong>ignauum</strong></span> <span class='ocrx_word' id='word_1_105' title='bbox 733 1883 816 1942; x_wconf 82' lang='lat' dir='ltr'><strong>iacet.</strong></span> 
     </span>
     <span class='ocr_line' id='line_1_21' title="bbox 186 1966 503 2045; baseline -0.006 -19"><span class='ocrx_word' id='word_1_106' title='bbox 186 1983 200 2015; x_wconf 82' lang='lat' dir='ltr'><strong>e</strong></span> <span class='ocrx_word' id='word_1_107' title='bbox 262 1966 377 2045; x_wconf 79' lang='lat' dir='ltr'><strong>Fugere</strong></span> <span class='ocrx_word' id='word_1_108' title='bbox 393 1967 503 2043; x_wconf 88' lang='lat' dir='ltr'><strong>superi.</strong></span> 
     </span>
     <span class='ocr_line' id='line_1_22' title="bbox 220 2049 982 2127; baseline -0.001 -17"><span class='ocrx_word' id='word_1_109' title='bbox 220 2065 298 2111; x_wconf 74' lang='lat' dir='ltr'><strong>nun.</strong></span> <span class='ocrx_word' id='word_1_110' title='bbox 515 2053 571 2111; x_wconf 80' lang='lat' dir='ltr'><strong>iam</strong></span> <span class='ocrx_word' id='word_1_111' title='bbox 588 2052 689 2127; x_wconf 81' lang='lat' dir='ltr'><strong>accipe</strong></span> <span class='ocrx_word' id='word_1_112' title='bbox 704 2050 759 2111; x_wconf 86' lang='lat' dir='ltr'><strong>hos</strong></span> <span class='ocrx_word' id='word_1_113' title='bbox 773 2052 871 2127; x_wconf 85' lang='lat' dir='ltr'><strong>potius</strong></span> <span class='ocrx_word' id='word_1_114' title='bbox 886 2049 982 2111; x_wconf 89' lang='lat' dir='ltr'><strong>libens</strong></span> 
     </span>
     <span class='ocr_line' id='line_1_23' title="bbox 220 2133 931 2211; baseline -0.003 -16"><span class='ocrx_word' id='word_1_115' title='bbox 220 2136 269 2195; x_wconf 82' lang='lat' dir='ltr'><strong>diu</strong></span> <span class='ocrx_word' id='word_1_116' title='bbox 285 2135 438 2211; x_wconf 83' lang='lat' dir='ltr'><strong>expetitos.</strong></span> <span class='ocrx_word' id='word_1_117' title='bbox 471 2133 549 2193; x_wconf 80' lang='lat' dir='ltr'><strong>nuile</strong></span> <span class='ocrx_word' id='word_1_118' title='bbox 566 2151 620 2210; x_wconf 85' lang='lat' dir='ltr'><strong>per</strong></span> <span class='ocrx_word' id='word_1_119' title='bbox 635 2134 757 2195; x_wconf 78' lang='lat' dir='ltr'><strong>fratrem</strong></span> <span class='ocrx_word' id='word_1_120' title='bbox 774 2142 818 2195; x_wconf 91' lang='lat' dir='ltr'><strong>est</strong></span> <span class='ocrx_word' id='word_1_121' title='bbox 833 2152 931 2194; x_wconf 84' lang='lat' dir='ltr'><strong>mora:</strong></span> 
     </span>
     <span class='ocr_line' id='line_1_24' title="bbox 222 2218 875 2296; baseline -0.006 -17"><span class='ocrx_word' id='word_1_122' title='bbox 222 2220 323 2279; x_wconf 82' lang='lat' dir='ltr'><strong>fruere</strong></span> <span class='ocrx_word' id='word_1_123' title='bbox 338 2218 475 2278; x_wconf 76' lang='lat' dir='ltr'><strong>osculare</strong></span> <span class='ocrx_word' id='word_1_124' title='bbox 490 2218 588 2278; x_wconf 87' lang='lat' dir='ltr'><strong>diuide</strong></span> <span class='ocrx_word' id='word_1_125' title='bbox 604 2218 757 2296; x_wconf 81' lang='lat' dir='ltr'><strong>amplexus</strong></span> <span class='ocrx_word' id='word_1_126' title='bbox 772 2218 875 2279; x_wconf 84' lang='lat' dir='ltr'><strong>tribus.</strong></span> 
     </span>
     <span class='ocr_line' id='line_1_25' title="bbox 222 2301 1114 2381; baseline 0 -19"><span class='ocrx_word' id='word_1_127' title='bbox 222 2316 301 2363; x_wconf 76' lang='lat' dir='ltr'><strong>unu.</strong></span> <span class='ocrx_word' id='word_1_128' title='bbox 328 2302 386 2363; x_wconf 93' lang='lat' dir='ltr'><strong>hoc</strong></span> <span class='ocrx_word' id='word_1_129' title='bbox 402 2301 526 2363; x_wconf 71' lang='lat' dir='ltr'><strong>foedus?</strong></span> <span class='ocrx_word' id='word_1_130' title='bbox 541 2302 616 2363; x_wconf 83' lang='lat' dir='ltr'><strong>boec</strong></span> <span class='ocrx_word' id='word_1_131' title='bbox 627 2310 677 2363; x_wconf 91' lang='lat' dir='ltr'><strong>est</strong></span> <span class='ocrx_word' id='word_1_132' title='bbox 692 2304 803 2381; x_wconf 82' lang='lat' dir='ltr'><strong>gratia?</strong></span> <span class='ocrx_word' id='word_1_133' title='bbox 818 2304 893 2363; x_wconf 82' lang='lat' dir='ltr'><strong>haec</strong></span> <span class='ocrx_word' id='word_1_134' title='bbox 903 2303 1008 2363; x_wconf 83' lang='lat' dir='ltr'><strong>iratris</strong></span> <span class='ocrx_word' id='word_1_135' title='bbox 1022 2302 1114 2362; x_wconf 81' lang='lat' dir='ltr'><strong>tides?</strong></span> 
     </span>
     <span class='ocr_line' id='line_1_26' title="bbox 221 2386 1224 2466; baseline -0.005 -18"><span class='ocrx_word' id='word_1_136' title='bbox 221 2389 264 2448; x_wconf 89' lang='lat' dir='ltr'><strong>sic</strong></span> <span class='ocrx_word' id='word_1_137' title='bbox 279 2386 345 2447; x_wconf 83' lang='lat' dir='ltr'><strong>odio</strong></span> <span class='ocrx_word' id='word_1_138' title='bbox 360 2387 466 2466; x_wconf 76' lang='lat' dir='ltr'><strong>ponis?</strong></span> <span class='ocrx_word' id='word_1_139' title='bbox 487 2403 546 2446; x_wconf 91' lang='lat' dir='ltr'><strong>non</strong></span> <span class='ocrx_word' id='word_1_140' title='bbox 563 2393 647 2463; x_wconf 89' lang='lat' dir='ltr'><strong>peto,</strong></span> <span class='ocrx_word' id='word_1_141' title='bbox 664 2387 819 2448; x_wconf 88' lang='lat' dir='ltr'><strong>incolumis</strong></span> <span class='ocrx_word' id='word_1_142' title='bbox 834 2394 918 2465; x_wconf 82' lang='lat' dir='ltr'><strong>pater</strong></span> <span class='ocrx_word' id='word_1_143' title='bbox 1158 2394 1224 2445; x_wconf 88' lang='lat'>1030</span> 
     </span>
     <span class='ocr_line' id='line_1_27' title="bbox 1258 2482 1259 2528; baseline 0 0"><span class='ocrx_word' id='word_1_144' title='bbox 1258 2482 1259 2528; x_wconf 77' lang='lat' dir='ltr'><strong>t</strong></span> 
     </span>
    </p>
   </div>
   <div class='ocr_carea' id='block_1_5' title="bbox 222 2570 1142 3583">
    <p class='ocr_par' dir='ltr' id='par_1_5' title="bbox 222 2570 1142 3583">
     <span class='ocr_line' id='line_1_28' title="bbox 292 2570 1137 2637; baseline 0 -15"><span class='ocrx_word' id='word_1_145' title='bbox 292 2576 358 2624; x_wconf 87' lang='grc'>1009</span> <span class='ocrx_word' id='word_1_146' title='bbox 377 2577 405 2622; x_wconf 84' lang='lat' dir='ltr'><strong>et</strong></span> <span class='ocrx_word' id='word_1_147' title='bbox 424 2571 487 2635; x_wconf 85' lang='lat' dir='ltr'><strong>quid</strong></span> <span class='ocrx_word' id='word_1_148' title='bbox 505 2572 531 2620; x_wconf 85' lang='lat' dir='ltr'><em>E</em></span> <span class='ocrx_word' id='word_1_149' title='bbox 561 2571 661 2637; x_wconf 84' lang='lat' dir='ltr'><strong>ecquid</strong></span> <span class='ocrx_word' id='word_1_150' title='bbox 679 2574 705 2623; x_wconf 98' lang='lat' dir='ltr'><em>A</em></span> <span class='ocrx_word' id='word_1_151' title='bbox 732 2570 745 2637; x_wconf 94' lang='grc' dir='ltr'><strong>ΙΙ</strong></span> <span class='ocrx_word' id='word_1_152' title='bbox 774 2574 840 2623; x_wconf 88' lang='grc'>1012</span> <span class='ocrx_word' id='word_1_153' title='bbox 858 2577 886 2623; x_wconf 79' lang='lat' dir='ltr'><strong>te</strong></span> <span class='ocrx_word' id='word_1_154' title='bbox 905 2586 1010 2636; x_wconf 80' lang='lat' dir='ltr'><strong>noeque</strong></span> <span class='ocrx_word' id='word_1_155' title='bbox 1028 2588 1050 2623; x_wconf 85' lang='grc' dir='ltr'><strong>ω</strong></span> <span class='ocrx_word' id='word_1_156' title='bbox 1068 2588 1137 2623; x_wconf 78' lang='lat' dir='ltr'><strong>corr.</strong></span> 
     </span>
     <span class='ocr_line' id='line_1_29' title="bbox 222 2636 1138 2707; baseline 0.001 -17"><span class='ocrx_word' id='word_1_157' title='bbox 222 2640 340 2695; x_wconf 80' lang='lat' dir='ltr'><strong>B.Sebn1.</strong></span> <span class='ocrx_word' id='word_1_158' title='bbox 365 2636 377 2707; x_wconf 76' lang='grc' dir='ltr'>Η</span> <span class='ocrx_word' id='word_1_159' title='bbox 401 2641 570 2691; x_wconf 79' lang='lat'>1015-1019</span> <span class='ocrx_word' id='word_1_160' title='bbox 587 2642 663 2690; x_wconf 80' lang='lat' dir='ltr'><strong>ctare</strong></span> <span class='ocrx_word' id='word_1_161' title='bbox 683 2642 759 2690; x_wconf 84' lang='lat' dir='ltr'><strong>eirca</strong></span> <span class='ocrx_word' id='word_1_162' title='bbox 775 2640 912 2691; x_wconf 78' lang='lat' dir='ltr'><strong>tentalum</strong></span> <span class='ocrx_word' id='word_1_163' title='bbox 928 2639 932 2703; x_wconf 91' lang='grc' dir='ltr'>Ι</span> <span class='ocrx_word' id='word_1_164' title='bbox 948 2654 1072 2703; x_wconf 82' lang='lat' dir='ltr'><strong>auosque</strong></span> <span class='ocrx_word' id='word_1_165' title='bbox 1090 2656 1138 2691; x_wconf 89' lang='lat' dir='ltr'><strong>no·</strong></span> 
     </span>
     <span class='ocr_line' id='line_1_30' title="bbox 225 2704 1137 2773; baseline -0.001 -15"><span class='ocrx_word' id='word_1_166' title='bbox 225 2708 420 2772; x_wconf 79' lang='lat' dir='ltr'><strong>strossiquis</strong></span> <span class='ocrx_word' id='word_1_167' title='bbox 440 2708 641 2758; x_wconf 76' lang='lat' dir='ltr'><strong>intentantem</strong></span> <span class='ocrx_word' id='word_1_168' title='bbox 665 2712 708 2758; x_wconf 82' lang='lat' dir='ltr'><strong>eet</strong></span> <span class='ocrx_word' id='word_1_169' title='bbox 734 2704 739 2773; x_wconf 82' lang='grc' dir='ltr'>Ι</span> <span class='ocrx_word' id='word_1_170' title='bbox 765 2712 881 2773; x_wconf 86' lang='lat' dir='ltr'><strong>uterque</strong></span> <span class='ocrx_word' id='word_1_171' title='bbox 904 2710 960 2758; x_wconf 83' lang='lat' dir='ltr'><strong>ium</strong></span> <span class='ocrx_word' id='word_1_172' title='bbox 984 2707 1137 2758; x_wconf 79' lang='lat' dir='ltr'><strong>debuimus.</strong></span> 
     </span>
     <span class='ocr_line' id='line_1_31' title="bbox 223 2772 1137 2840; baseline 0 -15"><span class='ocrx_word' id='word_1_173' title='bbox 223 2778 288 2827; x_wconf 91' lang='lat' dir='ltr'><strong>hinc</strong></span> <span class='ocrx_word' id='word_1_174' title='bbox 307 2774 488 2840; x_wconf 79' lang='lat' dir='ltr'><strong>compagibus</strong></span> <span class='ocrx_word' id='word_1_175' title='bbox 503 2772 507 2840; x_wconf 93' lang='grc' dir='ltr'>Ι</span> <span class='ocrx_word' id='word_1_176' title='bbox 524 2780 553 2825; x_wconf 85' lang='lat' dir='ltr'><strong>et</strong></span> <span class='ocrx_word' id='word_1_177' title='bbox 564 2776 629 2825; x_wconf 92' lang='lat' dir='ltr'><strong>hinc</strong></span> <span class='ocrx_word' id='word_1_178' title='bbox 643 2776 759 2826; x_wconf 87' lang='lat' dir='ltr'><strong>reuulsis</strong></span> <span class='ocrx_word' id='word_1_179' title='bbox 771 2775 826 2825; x_wconf 91' lang='lat' dir='ltr'><strong>huc</strong></span> <span class='ocrx_word' id='word_1_180' title='bbox 838 2782 916 2825; x_wconf 83' lang='lat' dir='ltr'><strong>tuam</strong></span> <span class='ocrx_word' id='word_1_181' title='bbox 933 2775 1047 2824; x_wconf 83' lang='lat' dir='ltr'><strong>immani</strong></span> <span class='ocrx_word' id='word_1_182' title='bbox 1059 2777 1122 2825; x_wconf 78' lang='lat' dir='ltr'><strong>sinu</strong></span> <span class='ocrx_word' id='word_1_183' title='bbox 1134 2774 1137 2839; x_wconf 69' lang='grc'>1</span> 
     </span>
     <span class='ocr_line' id='line_1_32' title="bbox 223 2839 1138 2909; baseline -0.003 -15"><span class='ocrx_word' id='word_1_184' title='bbox 223 2845 331 2895; x_wconf 83' lang='lat' dir='ltr'><strong>dimitte</strong></span> <span class='ocrx_word' id='word_1_185' title='bbox 349 2842 452 2893; x_wconf 87' lang='lat' dir='ltr'><strong>uallem</strong></span> <span class='ocrx_word' id='word_1_186' title='bbox 470 2842 495 2891; x_wconf 93' lang='lat' dir='ltr'><em>A</em></span> <span class='ocrx_word' id='word_1_187' title='bbox 532 2848 649 2896; x_wconf 83' lang='lat' dir='ltr'><strong>sterce.</strong></span> <span class='ocrx_word' id='word_1_188' title='bbox 669 2846 688 2891; x_wconf 84' lang='lat' dir='ltr'><strong>t.</strong></span> <span class='ocrx_word' id='word_1_189' title='bbox 708 2842 713 2907; x_wconf 85' lang='grc' dir='ltr'>Ι</span> <span class='ocrx_word' id='word_1_190' title='bbox 732 2847 847 2909; x_wconf 86' lang='lat' dir='ltr'><strong>uterque</strong></span> <span class='ocrx_word' id='word_1_191' title='bbox 865 2844 883 2892; x_wconf 83' lang='lat' dir='ltr'><strong>i.</strong></span> <span class='ocrx_word' id='word_1_192' title='bbox 903 2842 930 2895; x_wconf 88' lang='lat' dir='ltr'><strong>d.</strong></span> <span class='ocrx_word' id='word_1_193' title='bbox 947 2842 974 2895; x_wconf 84' lang='lat' dir='ltr'><strong>h.</strong></span> <span class='ocrx_word' id='word_1_194' title='bbox 994 2859 1019 2895; x_wconf 90' lang='lat' dir='ltr'><strong>c.</strong></span> <span class='ocrx_word' id='word_1_195' title='bbox 1040 2839 1045 2909; x_wconf 94' lang='grc' dir='ltr'>Ι</span> <span class='ocrx_word' id='word_1_196' title='bbox 1066 2848 1094 2894; x_wconf 80' lang='lat' dir='ltr'><strong>ct</strong></span> <span class='ocrx_word' id='word_1_197' title='bbox 1110 2843 1138 2892; x_wconf 90' lang='lat' dir='ltr'><strong>h.</strong></span> 
     </span>
     <span class='ocr_line' id='line_1_33' title="bbox 223 2907 1140 2975; baseline -0.002 -14"><span class='ocrx_word' id='word_1_198' title='bbox 223 2928 245 2961; x_wconf 89' lang='lat' dir='ltr'><strong>r.</strong></span> <span class='ocrx_word' id='word_1_199' title='bbox 265 2911 374 2975; x_wconf 77' lang='lat' dir='ltr'><strong>siquid</strong></span> <span class='ocrx_word' id='word_1_200' title='bbox 398 2911 473 2960; x_wconf 84' lang='lat' dir='ltr'><strong>infra</strong></span> <span class='ocrx_word' id='word_1_201' title='bbox 491 2907 633 2960; x_wconf 68' lang='lat' dir='ltr'><strong>tartarce</strong></span> <span class='ocrx_word' id='word_1_202' title='bbox 657 2910 661 2972; x_wconf 95' lang='grc' dir='ltr'>Ι</span> <span class='ocrx_word' id='word_1_203' title='bbox 688 2926 810 2975; x_wconf 78' lang='lat' dir='ltr'><strong>auosque</strong></span> <span class='ocrx_word' id='word_1_204' title='bbox 833 2916 942 2963; x_wconf 77' lang='lat' dir='ltr'><strong>nostros</strong></span> <span class='ocrx_word' id='word_1_205' title='bbox 964 2910 1017 2961; x_wconf 91' lang='lat' dir='ltr'><strong>hoc</strong></span> <span class='ocrx_word' id='word_1_206' title='bbox 1039 2914 1088 2960; x_wconf 81' lang='lat' dir='ltr'><strong>tue</strong></span> <span class='ocrx_word' id='word_1_207' title='bbox 1109 2910 1140 2959; x_wconf 89' lang='lat' dir='ltr'><strong>in</strong></span> 
     </span>
     <span class='ocr_line' id='line_1_34' title="bbox 223 2975 1140 3045; baseline 0.001 -17"><span class='ocrx_word' id='word_1_208' title='bbox 223 2980 299 3028; x_wconf 83' lang='lat' dir='ltr'><strong>muni</strong></span> <span class='ocrx_word' id='word_1_209' title='bbox 319 2980 383 3028; x_wconf 83' lang='lat' dir='ltr'><strong>oinu</strong></span> <span class='ocrx_word' id='word_1_210' title='bbox 408 2975 412 3043; x_wconf 93' lang='grc' dir='ltr'>Ι</span> <span class='ocrx_word' id='word_1_211' title='bbox 440 2978 557 3028; x_wconf 82' lang='lat' dir='ltr'><strong>demitte</strong></span> <span class='ocrx_word' id='word_1_212' title='bbox 574 2977 651 3027; x_wconf 82' lang='lat' dir='ltr'><strong>uelle</strong></span> <span class='ocrx_word' id='word_1_213' title='bbox 676 2975 782 3042; x_wconf 77' lang='lat' dir='ltr'><strong>(ualles</strong></span> <span class='ocrx_word' id='word_1_214' title='bbox 800 2987 819 3033; x_wconf 85' lang='lat' dir='ltr'><strong>t.</strong></span> <span class='ocrx_word' id='word_1_215' title='bbox 840 2980 901 3042; x_wconf 83' lang='lat' dir='ltr'><strong>Gr.)</strong></span> <span class='ocrx_word' id='word_1_216' title='bbox 920 2979 945 3029; x_wconf 83' lang='lat' dir='ltr'><em>E</em></span> <span class='ocrx_word' id='word_1_217' title='bbox 974 2975 985 3045; x_wconf 77' lang='grc' dir='ltr'>Η</span> <span class='ocrx_word' id='word_1_218' title='bbox 1016 2979 1140 3029; x_wconf 84' lang='grc'>102210-</span> 
     </span>
     <span class='ocr_line' id='line_1_35' title="bbox 223 3044 1140 3113; baseline 0.002 -18"><span class='ocrx_word' id='word_1_219' title='bbox 223 3052 267 3095; x_wconf 79' lang='lat' dir='ltr'><strong>tae</strong></span> <span class='ocrx_word' id='word_1_220' title='bbox 285 3046 350 3095; x_wconf 85' lang='lat' dir='ltr'><strong>EA</strong></span> <span class='ocrx_word' id='word_1_221' title='bbox 368 3050 474 3097; x_wconf 78' lang='lat' dir='ltr'><strong>‘tortas</strong></span> <span class='ocrx_word' id='word_1_222' title='bbox 496 3061 554 3095; x_wconf 81' lang='lat' dir='ltr'><strong>mes.</strong></span> <span class='ocrx_word' id='word_1_223' title='bbox 578 3050 718 3095; x_wconf 78' lang='lat' dir='ltr'><strong>eonseneu’</strong></span> <span class='ocrx_word' id='word_1_224' title='bbox 738 3046 783 3112; x_wconf 80' lang='grc'><strong>(2)</strong></span> <span class='ocrx_word' id='word_1_225' title='bbox 802 3047 854 3099; x_wconf 84' lang='lat' dir='ltr'><strong>Ba.</strong></span> <span class='ocrx_word' id='word_1_226' title='bbox 883 3044 895 3113; x_wconf 80' lang='lat' dir='ltr'><strong>ll</strong></span> <span class='ocrx_word' id='word_1_227' title='bbox 931 3050 997 3099; x_wconf 89' lang='grc'>1024</span> <span class='ocrx_word' id='word_1_228' title='bbox 1018 3048 1095 3097; x_wconf 83' lang='lat' dir='ltr'><strong>iaces</strong></span> <span class='ocrx_word' id='word_1_229' title='bbox 1114 3047 1140 3097; x_wconf 93' lang='lat' dir='ltr'><em>A</em></span> 
     </span>
     <span class='ocr_line' id='line_1_36' title="bbox 223 3109 1139 3180; baseline 0.002 -19"><span class='ocrx_word' id='word_1_230' title='bbox 223 3113 300 3162; x_wconf 82' lang='lat' dir='ltr'><strong>iacet</strong></span> <span class='ocrx_word' id='word_1_231' title='bbox 318 3114 343 3162; x_wconf 85' lang='lat' dir='ltr'><em>E</em></span> <span class='ocrx_word' id='word_1_232' title='bbox 365 3109 378 3178; x_wconf 80' lang='grc' dir='ltr'>Η</span> <span class='ocrx_word' id='word_1_233' title='bbox 409 3115 474 3163; x_wconf 84' lang='grc'>1025</span> <span class='ocrx_word' id='word_1_234' title='bbox 492 3123 581 3178; x_wconf 67' lang='lat' dir='ltr'><strong>onus</strong></span> <span class='ocrx_word' id='word_1_235' title='bbox 608 3114 706 3178; x_wconf 82' lang='lat' dir='ltr'><strong>fugere</strong></span> <span class='ocrx_word' id='word_1_236' title='bbox 726 3115 826 3180; x_wconf 76' lang='lat' dir='ltr'><strong>superi.</strong></span> <span class='ocrx_word' id='word_1_237' title='bbox 844 3115 889 3169; x_wconf 83' lang='lat' dir='ltr'><strong>At.</strong></span> <span class='ocrx_word' id='word_1_238' title='bbox 909 3119 939 3165; x_wconf 82' lang='lat' dir='ltr'><strong>at</strong></span> <span class='ocrx_word' id='word_1_239' title='bbox 957 3115 1055 3179; x_wconf 82' lang='lat' dir='ltr'><strong>accipe</strong></span> <span class='ocrx_word' id='word_1_240' title='bbox 1075 3111 1139 3174; x_wconf 85' lang='lat' dir='ltr'><strong>(Re-</strong></span> 
     </span>
     <span class='ocr_line' id='line_1_37' title="bbox 225 3179 1140 3248; baseline 0.002 -19"><span class='ocrx_word' id='word_1_241' title='bbox 225 3181 288 3244; x_wconf 84' lang='lat' dir='ltr'><strong>cipe</strong></span> <span class='ocrx_word' id='word_1_242' title='bbox 312 3180 335 3229; x_wconf 84' lang='lat' dir='ltr'><em>R</em></span> <span class='ocrx_word' id='word_1_243' title='bbox 357 3195 405 3235; x_wconf 86' lang='lat' dir='ltr'><strong>om.</strong></span> <span class='ocrx_word' id='word_1_244' title='bbox 429 3180 473 3231; x_wconf 76' lang='lat' dir='ltr'><strong>At.</strong></span> <span class='ocrx_word' id='word_1_245' title='bbox 499 3179 549 3242; x_wconf 83' lang='lat' dir='ltr'><strong>at.)</strong></span> <span class='ocrx_word' id='word_1_246' title='bbox 584 3180 633 3231; x_wconf 85' lang='lat' dir='ltr'><strong>hos</strong></span> <span class='ocrx_word' id='word_1_247' title='bbox 656 3183 749 3246; x_wconf 82' lang='lat' dir='ltr'><strong>potius</strong></span> <span class='ocrx_word' id='word_1_248' title='bbox 776 3183 868 3233; x_wconf 87' lang='lat' dir='ltr'><strong>libens</strong></span> <span class='ocrx_word' id='word_1_249' title='bbox 891 3184 997 3248; x_wconf 87' lang='lat' dir='ltr'><strong>Recipe</strong></span> <span class='ocrx_word' id='word_1_250' title='bbox 1021 3180 1140 3245; x_wconf 81' lang='lat' dir='ltr'><strong>(Atreus.</strong></span> 
     </span>
     <span class='ocr_line' id='line_1_38' title="bbox 226 3246 1142 3315; baseline 0.003 -19"><span class='ocrx_word' id='word_1_251' title='bbox 226 3246 332 3312; x_wconf 81' lang='lat' dir='ltr'><strong>Accipe</strong></span> <span class='ocrx_word' id='word_1_252' title='bbox 352 3247 386 3309; x_wconf 82' lang='lat' dir='ltr'><strong>R)</strong></span> <span class='ocrx_word' id='word_1_253' title='bbox 410 3247 495 3298; x_wconf 78' lang='lat' dir='ltr'><strong>hoece</strong></span> <span class='ocrx_word' id='word_1_254' title='bbox 515 3249 608 3299; x_wconf 77' lang='lat' dir='ltr'><strong>citius.</strong></span> <span class='ocrx_word' id='word_1_255' title='bbox 637 3247 734 3299; x_wconf 79' lang='lat' dir='ltr'><strong>liberis</strong></span> <span class='ocrx_word' id='word_1_256' title='bbox 757 3251 869 3300; x_wconf 77' lang='lat' dir='ltr'><strong>tandem</strong></span> <span class='ocrx_word' id='word_1_257' title='bbox 888 3251 944 3301; x_wconf 85' lang='lat' dir='ltr'><strong>suis</strong></span> <span class='ocrx_word' id='word_1_258' title='bbox 956 3250 980 3299; x_wconf 91' lang='lat' dir='ltr'><em>A</em></span> <span class='ocrx_word' id='word_1_259' title='bbox 1002 3248 1062 3313; x_wconf 80' lang='lat' dir='ltr'><strong>(nisi</strong></span> <span class='ocrx_word' id='word_1_260' title='bbox 1074 3251 1142 3315; x_wconf 83' lang='lat' dir='ltr'><strong>quod</strong></span> 
     </span>
     <span class='ocr_line' id='line_1_39' title="bbox 226 3316 1140 3381; baseline 0.002 -17"><span class='ocrx_word' id='word_1_261' title='bbox 226 3331 277 3365; x_wconf 86' lang='lat' dir='ltr'><strong>non</strong></span> <span class='ocrx_word' id='word_1_262' title='bbox 289 3318 352 3364; x_wconf 80' lang='lat' dir='ltr'><strong>nulli</strong></span> <span class='ocrx_word' id='word_1_263' title='bbox 362 3323 385 3379; x_wconf 85' lang='grc' dir='ltr'><em>ψ</em></span> <span class='ocrx_word' id='word_1_264' title='bbox 404 3316 484 3365; x_wconf 86' lang='lat' dir='ltr'><strong>uerba</strong></span> <span class='ocrx_word' id='word_1_265' title='bbox 502 3316 599 3381; x_wconf 84' lang='lat' dir='ltr'><strong>fugere</strong></span> <span class='ocrx_word' id='word_1_266' title='bbox 617 3317 719 3381; x_wconf 74' lang='lat' dir='ltr'><strong>superi,</strong></span> <span class='ocrx_word' id='word_1_267' title='bbox 740 3319 784 3367; x_wconf 83' lang='lat' dir='ltr'><strong>alii</strong></span> <span class='ocrx_word' id='word_1_268' title='bbox 796 3320 874 3369; x_wconf 84' lang='lat' dir='ltr'><strong>uerba</strong></span> <span class='ocrx_word' id='word_1_269' title='bbox 891 3318 950 3368; x_wconf 89' lang='lat' dir='ltr'><strong>Atr.</strong></span> <span class='ocrx_word' id='word_1_270' title='bbox 969 3317 1140 3367; x_wconf 73' lang='lat' dir='ltr'><strong>eet-libens</strong></span> 
     </span>
     <span class='ocr_line' id='line_1_40' title="bbox 227 3382 1141 3451; baseline 0.002 -18"><span class='ocrx_word' id='word_1_271' title='bbox 227 3382 353 3445; x_wconf 86' lang='lat' dir='ltr'><strong>omittunt)</strong></span> <span class='ocrx_word' id='word_1_272' title='bbox 372 3383 471 3448; x_wconf 84' lang='lat' dir='ltr'><strong>fugere</strong></span> <span class='ocrx_word' id='word_1_273' title='bbox 494 3384 588 3447; x_wconf 77' lang='lat' dir='ltr'><strong>superi</strong></span> <span class='ocrx_word' id='word_1_274' title='bbox 605 3384 686 3434; x_wconf 85' lang='lat' dir='ltr'><strong>ATR.</strong></span> <span class='ocrx_word' id='word_1_275' title='bbox 704 3384 808 3450; x_wconf 85' lang='lat' dir='ltr'><strong>Accipe</strong></span> <span class='ocrx_word' id='word_1_276' title='bbox 831 3386 881 3437; x_wconf 90' lang='lat' dir='ltr'><strong>hos</strong></span> <span class='ocrx_word' id='word_1_277' title='bbox 900 3387 989 3451; x_wconf 79' lang='lat' dir='ltr'><strong>potius</strong></span> <span class='ocrx_word' id='word_1_278' title='bbox 1008 3384 1099 3435; x_wconf 88' lang='lat' dir='ltr'><strong>libens</strong></span> <span class='ocrx_word' id='word_1_279' title='bbox 1116 3384 1141 3435; x_wconf 94' lang='grc' dir='ltr'><em>Ε</em></span> 
     </span>
     <span class='ocr_line' id='line_1_41' title="bbox 225 3449 1140 3583; baseline 0.005 -85"><span class='ocrx_word' id='word_1_280' title='bbox 225 3450 412 3583; x_wconf 70' lang='lat' dir='ltr'><strong>icmEapcipe</strong></span> <span class='ocrx_word' id='word_1_281' title='bbox 435 3449 597 3501; x_wconf 65' lang='lat' dir='ltr'><strong>etBLSebm.</strong></span> <span class='ocrx_word' id='word_1_282' title='bbox 618 3450 679 3515; x_wconf 72' lang='lat' dir='ltr'><strong>[om</strong></span> <span class='ocrx_word' id='word_1_283' title='bbox 704 3450 855 3517; x_wconf 79' lang='lat' dir='ltr'><strong>suecipc?]</strong></span> <span class='ocrx_word' id='word_1_284' title='bbox 885 3450 897 3519; x_wconf 78' lang='grc' dir='ltr'>Η</span> <span class='ocrx_word' id='word_1_285' title='bbox 926 3454 991 3503; x_wconf 91' lang='grc'>1028</span> <span class='ocrx_word' id='word_1_286' title='bbox 1014 3453 1097 3503; x_wconf 85' lang='grc' dir='ltr'>ΤΗῩ.</span> <span class='ocrx_word' id='word_1_287' title='bbox 1115 3452 1140 3503; x_wconf 87' lang='lat' dir='ltr'><em>A</em></span> 
     </span>
     <span class='ocr_line' id='line_1_42' title="bbox 226 3533 272 3571; baseline 0.065 -3"><span class='ocrx_word' id='word_1_288' title='bbox 226 3533 272 3571; x_wconf 88' lang='lat' dir='ltr'><strong>om.</strong></span> 
     </span>
    </p>
   </div>
   <div class='ocr_carea' id='block_1_6' title="bbox 0 0 1295 3917">
    <p class='ocr_par' dir='ltr' id='par_1_6' title="bbox 0 0 1295 3917">
     <span class='ocr_line' id='line_1_43' title="bbox 0 0 1295 3917; baseline 0 0"><span class='ocrx_word' id='word_1_289' title='bbox 0 0 1295 3917; x_wconf 95' lang='lat' dir='ltr'><strong> </strong></span> 
     </span>
    </p>
   </div>
  </div>
 </body>
</html>
