2550 3917
12 594 14 639 l

12 640 14 711 l

567 236 690 281 numm

168 380 272 436 teiam
287 373 414 434 miseriis
429 372 570 450 angulum
587 392 621 433 aa
637 374 737 433 sedem
753 391 826 449 rogo

166 459 355 536 latebrasque
370 457 454 517 uiles.
485 457 560 517 urbe
575 461 600 518 si
616 458 686 536 pelli
702 456 797 534 placet

168 546 254 604 detur
270 551 401 603 remotus
417 540 520 618 aliquis
536 544 566 601 in
582 544 682 619 regnis
697 542 790 602 loeus.

130 632 159 690 (ι’
213 641 265 689 cit.
289 626 354 687 Non
371 644 436 685 esse
451 644 499 686 me
515 628 566 703 qui
581 636 696 703 sceptra
714 626 862 686 uiolentus
876 644 976 703 geram

166 731 223 773 nec
239 713 288 790 qui
303 710 434 789 superbo
451 712 585 771 miserias
600 711 711 771 calcem
728 712 819 787 pede,

166 805 289 857 testatus
305 795 441 873 equidem
458 796 562 855 uideor
578 796 649 855 hant
665 795 745 854 clare
760 813 865 873 parum

166 898 344 958 generum
361 878 477 939 exulem
493 880 620 957 legendo
636 889 665 939 et
680 879 829 939 adflictum
846 889 874 940 et
889 884 972 957 graui

165 974 283 1027 terrore
297 963 437 1041 pauidum
454 967 563 1044 quippe
579 983 666 1041 quem
680 982 795 1043 poenae
811 964 921 1041 expetit

165 1050 286 1127 letoque
301 1052 424 1110 Acastus
440 1066 532 1126 regna
548 1049 703 1109 thessalica
721 1052 868 1127 optinens.

129 1148 145 1197 f
211 1134 298 1194 Senio
313 1140 491 1193 trementem
508 1133 597 1194 debili
613 1141 700 1211 atque
716 1152 790 1193 aeuo
807 1150 929 1208 grauem

163 1227 278 1298 patrem
294 1226 481 1295 peremptum
498 1219 632 1295 queritur
648 1227 678 1277 et
693 1219 771 1277 caesi
786 1219 864 1277 senis

164 1304 284 1363 discissa
301 1302 450 1371 membra,
469 1322 534 1363 curn
552 1302 619 1363 dolo
637 1310 740 1380 captae
756 1309 807 1361 tuo

163 1389 230 1465 piae
246 1403 365 1447 sorores
380 1386 493 1463 inpium
509 1388 655 1447 auderent
670 1386 762 1445 nolas,

126 1474 150 1532 f
205 1471 306 1531 Potest
322 1471 423 1538 lason,
439 1473 464 1530 si
481 1479 559 1531 tuam
576 1489 694 1530 causam
712 1488 850 1537 amoueo,

164 1574 246 1615 suam
263 1555 354 1614 tueri:
379 1553 477 1614 nullos
492 1556 655 1614 innocuum
672 1572 763 1613 cruor

164 1638 389 1711 contaminauit,
408 1640 480 1699 aluit
494 1640 575 1699 lerro
591 1656 698 1698 manus

162 1722 327 1802 proculque
343 1732 443 1781 uestro
459 1742 552 1802 purus
568 1731 688 1791 acoetu
703 1725 793 1782 stetit.

126 1820 145 1868 d
207 1806 251 1866 Tu
267 1813 298 1866 tu
314 1804 458 1867 malorum
475 1807 724 1867 machinatrix
741 1806 966 1875 facinorum,

163 1892 211 1951 cui
227 1890 352 1949 leminea
368 1893 496 1969 nequitia
512 1891 549 1950 ad
566 1890 699 1952 audenda
716 1887 813 1949 omnia

162 1974 256 2034 robur
271 1974 357 2035 uirile
374 1984 432 2045 est,
448 1974 528 2035 nulla
543 1975 638 2035 lamae
654 1976 811 2043 memoria,

163 2058 306 2137 egredere
323 2076 416 2136 purga
432 2077 522 2135 regna
539 2058 641 2119 letales
656 2057 743 2117 simul
774 2130 777 2137 Ι

161 2153 259 2203 tecum
276 2144 359 2203 aufer
375 2143 492 2203 herbas.
524 2144 618 2204 libera
635 2146 716 2205 ciues
732 2151 821 2202 metu.

161 2226 218 2287 alia
234 2227 341 2287 sedens
358 2226 463 2289 tellure
479 2227 599 2288 sollicita
617 2228 697 2288 deos.

129 2340 143 2373 e
205 2324 290 2371 Mun.
315 2310 479 2390 Profugere
495 2313 593 2389 cogis?
616 2312 708 2372 reddo
723 2313 847 2387 fugienti
863 2320 957 2372 ratem

161 2396 212 2456 uel
227 2395 342 2455 redde
358 2399 541 2457 comitem.
573 2398 677 2473 lugere
692 2414 746 2455 cur
761 2396 853 2455 solam
870 2396 973 2459 iubes?

159 2497 221 2539 non
237 2480 298 2539 sola
315 2482 392 2539 ueni.
423 2480 501 2541 bella
517 2484 542 2540 si
557 2482 664 2541 metuis
679 2484 755 2557 pati:

159 2572 319 2641 utrumque
334 2581 427 2641 regno
444 2563 530 2643 pelle.
564 2584 616 2625 cur
633 2574 733 2624 sontes
749 2564 822 2624 duos

160 2648 334 2726 distinguis?
356 2650 398 2709 illi
411 2650 492 2709 Pelia
509 2667 579 2708 non
596 2650 704 2709 nobis
720 2650 804 2708 iacet.

228 2868 277 2917 249
299 2872 375 2917 terra
397 2869 451 2916 hae
470 2868 494 2915 Α
525 2872 627 2917 terram
647 2868 673 2916 E
691 2872 787 2917 terrae
805 2870 837 2917 ei
858 2868 936 2918 Gron.
964 2835 996 2917 te
1014 2870 1076 2918 iam

157 2937 190 2985 ci.
209 2935 403 2999 Henneberper.
428 2931 465 3011 Η
464 2940 491 2984 et
509 2936 534 2983 A
558 2951 592 2985 ae
611 2936 636 2984 E
659 2933 671 3001 Η
694 2938 743 2985 262
762 2935 898 2985 uiolenter
915 2936 940 2984 Α
969 2936 1075 2987 uiolen-

157 3042 202 3087 tus
215 3036 239 3084 E
260 3032 271 3101 Η
292 3038 342 3087 265
361 3016 469 3087 afflicta
488 3036 567 3099 (eurr.
581 3052 616 3087 ece
629 3038 757 3099 afflictet)
777 3036 811 3085 E¹
829 3033 841 3102 Η
858 3038 907 3086 256
927 3038 1026 3101 quippe
1046 3042 1074 3088 te

156 3120 184 3168 p.
204 3104 227 3152 Α
247 3118 342 3168 quep.
361 3104 386 3152 Ε
406 3106 505 3169 quippe
525 3120 617 3169 quem
636 3107 667 3154 ei.
683 3105 763 3155 Gran.
779 3102 791 3171 Η
807 3107 858 3155 260
875 3103 997 3154 discisca
1015 3106 1041 3153 Ε
1060 3106 1073 3170 Η

157 3175 256 3234 coepte
274 3171 301 3220 Ε
328 3167 340 3237 Η
369 3174 418 3222 265
440 3186 608 3236 prorsusque
628 3188 647 3221 α
675 3169 688 3238 Η
716 3174 767 3223 266
785 3172 834 3222 sed
852 3178 882 3221 tu
899 3173 1033 3223 malorum
1051 3176 1074 3223 A

155 3240 357 3289 TVTVMALn
377 3240 467 3289 Reser.
487 3245 517 3289 tu
534 3245 564 3290 tu
582 3240 714 3289 malorum
732 3239 758 3288 Ε
781 3235 794 3305 Η
816 3242 865 3289 267
887 3241 1010 3289 feminea
1030 3242 1075 3290 eui
1136 3286 1140 3292 .

155 3304 258 3356 ei..Bo
278 3307 408 3357 feminae
427 3312 457 3357 ei
476 3310 540 3358 ΕΡ.
554 3304 565 3373 Η
583 3307 737 3357 audendum
756 3309 781 3356 A
811 3306 937 3356 audenda
956 3308 981 3357 Ε
997 3306 1009 3373 Η
1025 3310 1074 3359 268

154 3372 235 3423 uirile
254 3375 337 3424 robur
355 3376 378 3424 Α
405 3375 529 3426 ROBVR
546 3376 672 3427 VIRILE
691 3375 759 3423 EST
778 3375 867 3426 Reser
891 3375 974 3423 robur
992 3376 1073 3425 uirile

156 3445 201 3489 est
219 3441 243 3490 Ε
271 3438 283 3507 Η
312 3444 444 3493 memoria
463 3449 506 3494 cst
523 3460 542 3493 α
571 3444 651 3492 cerda
669 3442 746 3491 nulla
764 3442 857 3491 famae
877 3444 1008 3492 memoria
1025 3444 1072 3492 aaa>

154 3524 222 3557 eona
237 3516 309 3573 puto
323 3506 502 3576 Η276ρε1ίιιε
520 3510 644 3560 EPolia
663 3513 687 3560 Α
711 3506 724 3575 Η

1100 895 1150 943 256
