2550 3917
536 213 734 260 ndnnuuuo

175 373 234 416 non
251 353 477 414 est‘lacrimis
493 353 656 413 Cassandra
672 337 792 422 moduS,

175 442 242 518 quia
259 457 334 516 quae
349 441 477 516 patimur
492 440 621 498 uicere
638 438 768 497 modum.

174 525 306 604 [moeris
319 526 460 586 colendos
472 527 606 584 maxime
619 540 745 599 superos
754 519 873 601 putem]
909 518 912 522 ’

219 706 291 753 GAS.
315 694 445 753 Vicere
461 699 560 752 nostra
576 693 633 751 iam
651 700 746 752 metus
762 690 857 750 omnis
873 688 958 750 mala.

174 779 311 858 equidem
327 795 383 848 nec
399 777 457 837 ulla
473 777 591 836 caelites
606 775 691 854 placo
707 793 797 854 prece

174 881 231 922 nec
246 865 271 923 sl
287 861 380 922 uelint
394 863 523 930 saeuire,
540 879 598 940 quo
614 867 742 920 noceant
756 859 875 921 habent.

174 947 293 1008 fortuna
310 949 388 1007 uires
403 948 465 1025 ipsa
481 946 665 1024 consumpsit
681 965 759 1006 suas.

219 1031 299 1101 Quae
314 1033 407 1110 patria
423 1038 514 1091 restat
529 1033 594 1109 quis
610 1037 693 1108 pater
709 1048 785 1108 quae
800 1031 856 1089 iam
873 1031 976 1089 sorori

173 1116 278 1177 bibere
295 1115 400 1177 tumuli
415 1117 588 1194 sanguinem
605 1123 692 1193 atque
708 1132 777 1174 arae
792 1132 901 1174 meum.

173 1202 244 1280 quid
260 1200 307 1260 illa
324 1200 393 1262 felix
410 1201 497 1262 turba
513 1202 636 1260 fraterni
655 1201 780 1277 greges?

175 1287 316 1346 exhausta
333 1304 449 1363 nempe.
480 1287 560 1363 regia
578 1287 680 1345 miseri
696 1302 783 1345 senes

175 1389 268 1431 uacua
284 1370 379 1430 relicti
395 1378 500 1450 totque
516 1387 568 1447 per
585 1368 729 1430 thalamos
744 1369 847 1428 uident

174 1462 294 1534 praeter
311 1455 472 1516 Lacaenam
489 1463 601 1514 ceteras
618 1455 722 1514 uiduas
737 1471 840 1513 nurus.

219 1539 274 1599 Tot
289 1539 337 1600 illa
353 1558 456 1618 regum
473 1549 567 1599 mater
584 1547 612 1598 et
627 1540 760 1616 regimen
777 1538 927 1615 Phrygum

174 1623 300 1686 secunda
316 1626 344 1684 in
360 1626 445 1701 ignes
459 1623 580 1684 Hecuba
596 1625 723 1683 laturum
741 1640 835 1682 notras

174 1715 295 1786 experta
311 1707 391 1787 leges
405 1709 500 1768 induit
514 1706 613 1768 uultus
628 1708 723 1767 leros:

174 1796 253 1854 circa
269 1795 371 1853 ruinas
386 1793 487 1853 rabida
504 1792 623 1853 latrauit
638 1809 707 1852 suas

174 1878 281 1938 Troiae
297 1885 448 1956 superstes
462 1878 584 1938 Hectori
598 1877 716 1937 Priamo
732 1875 797 1936 sibi.

218 1975 297 2024 cflo.
323 1963 394 2023 Silet
409 1971 531 2040 repente
547 1962 678 2039 phoebes
694 1969 723 2021 et
737 1960 832 2039 pallor
848 1977 938 2038 genas

175 2047 341 2126 creberque
358 2054 450 2107 tutum
468 2047 597 2124 possidet
613 2064 723 2125 corpus
739 2053 866 2114 tremor,

175 2140 285 2193 stetere
300 2133 405 2201 uittae,
422 2131 518 2192 mollis
535 2131 683 2192 horrescit
697 2149 796 2200 coma,

173 2215 280 2276 anhela
297 2217 389 2276 corda
403 2234 556 2277 murmure
571 2214 685 2276 incluso
702 2216 846 2284 fremunt,

174 2303 286 2362 incerta
303 2308 406 2360 nutant
421 2301 530 2360 lumina
547 2309 576 2360 et
590 2301 669 2360 uersi
685 2308 768 2360 retro

173 2393 352 2463 torquentur
369 2385 459 2455 oculi,
477 2404 580 2446 rursus
595 2387 714 2445 inmites
729 2385 833 2462 rigent.

174 2489 254 2531 nuuc
269 2470 349 2531 leuat
363 2472 392 2529 in
410 2489 497 2532 auras
513 2469 598 2531 altior
614 2470 700 2529 solito
716 2477 804 2546 caput

174 2556 368 2634 graditurque
383 2553 475 2625 celsa,
492 2573 571 2615 nunc
587 2554 759 2614 reluctantis
775 2561 860 2630 parat

173 2658 311 2701 reserare
327 2640 443 2709 lauces,
460 2640 552 2700 uerba
569 2657 649 2699 nunc
665 2637 764 2699 clauso
779 2637 856 2698 male

174 2725 303 2786 custodit
319 2743 371 2784 ore
386 2743 506 2786 maenas
521 2725 667 2802 inpatiens
683 2723 739 2783 dei.

218 2823 291 2870 cns.
316 2807 408 2877 Quid
423 2827 476 2869 rue
493 2810 601 2869 luroris
616 2810 736 2868 incitam
753 2806 879 2868 stimulis
895 2809 982 2876 noui,

173 2988 378 2997 ---—-—-...—-.

242 3115 266 3146 u.
286 3100 336 3148 730
350 3104 413 3162 post
431 3100 480 3148 795
498 3098 656 3160 transposuit
674 3095 801 3145 Swoduda
823 3091 835 3160 [l
857 3112 881 3144 u.
901 3097 950 3146 731
968 3097 995 3143 in
1012 3110 1092 3158 uturp.

172 3167 260 3218 adscr.
282 3166 302 3215 R
326 3167 411 3215 deterri
426 3169 490 3216 conl.
514 3182 538 3214 u.
559 3167 607 3214 733
636 3160 648 3228 ΙΙ
678 3162 752 3212 GAS.
771 3163 796 3211 E
819 3180 865 3215 om.
885 3162 909 3211 A
939 3158 950 3226 ΙΙ
979 3159 1045 3225 pute
1068 3162 1093 3210 Ε

173 3248 238 3284 reor
260 3234 285 3283 A
321 3230 325 3296 Ι
360 3235 408 3284 732
433 3232 507 3282 GAS.
532 3233 557 3282 A
587 3248 633 3281 om.
657 3231 683 3279 E
712 3226 723 3295 ll
752 3229 848 3280 nostrai
869 3230 895 3278 E
924 3226 935 3295 ΙΙ
965 3231 1014 3280 738
1035 3231 1092 3279 fra-

173 3305 287 3365 trumap
324 3298 330 3366 Ι
358 3302 450 3366 gregia
469 3318 490 3350 ω
521 3314 628 3366 greges
647 3298 743 3349 IGron.
771 3294 784 3364 ss
813 3299 863 3348 739
881 3298 1016 3347 exhaustu
1035 3297 1060 3346 Ε
1079 3298 1092 3362 Η

175 3370 254 3434 regia
273 3369 322 3418 ER
339 3369 446 3434 regiam
465 3368 490 3417 A
507 3363 520 3434 ss
536 3381 616 3417 senes
628 3366 653 3416 Ε
672 3367 746 3416 senis
760 3367 784 3415 A
802 3362 813 3432 {l
830 3368 880 3416 740
897 3380 988 3414 uacua
1001 3365 1026 3414 Ε
1043 3380 1093 3414 ua-

176 3451 255 3486 cuam
269 3438 294 3487 A
318 3433 329 3502 11
353 3439 401 3486 747
425 3437 536 3500 phoeba
553 3435 579 3484 Ε
599 3431 610 3500 ll
631 3437 680 3484 751
698 3435 803 3483 micant
821 3442 844 3499 ψ
865 3431 876 3500 ΙΙ
900 3433 1094 3485 CASANDRA

174 3521 254 3569 cupra
272 3521 297 3557 u.
317 3505 407 3556 757st
430 3501 442 3570 ΙΙ
