2550 3917
159 168 223 232 320
243 199 246 206 ·
548 180 690 228 lncnnrr

203 321 269 382 Vbi
284 320 388 382 tondet
402 319 463 382 ales
478 319 563 380 auida
579 320 739 380 fecundum
754 321 837 380 iecur

161 414 190 467 et
205 408 282 467 inter
297 406 392 466 undas
408 404 521 466 feruida
538 411 659 464 exustus
675 405 721 464 siti

161 508 252 568 aquas
267 489 387 568 fugaces
403 508 455 551 ore
472 490 598 568 decepto
614 490 726 567 appetit

160 593 272 653 poenas
287 575 409 635 daturus
428 573 565 635 caelitum
581 572 706 650 dapibus
721 574 847 650 graues?

203 658 260 720 Sed
277 657 326 718 ille
342 665 460 720 nostrae
476 676 545 738 pars
561 665 649 736 quota
665 664 710 716 est
725 656 829 735 culpae
845 659 954 719 senex?

160 752 332 821 reputemus
348 761 450 804 omnes
467 761 540 821 quos
556 741 594 802 ob
610 741 745 801 infandas
760 759 865 803 manus

161 828 311 905 quaesitor
326 845 399 888 urna
416 829 537 905 gnosius
552 834 653 886 uersat
667 843 750 885 rens:

160 914 277 972 uincam
294 911 435 990 Thyestes
451 909 614 972 sceleribus
630 919 754 970 cunctos
769 911 857 980 meis,

161 1015 177 1057 a
193 996 285 1057 tratre
300 998 411 1056 uincar.
444 994 544 1057 tiberis
559 994 666 1073 plenus
680 993 777 1054 tribus

160 1081 190 1140 in
208 1098 255 1139 me
271 1079 393 1160 sepultis
409 1081 523 1141 uiscera
540 1079 624 1139 exedi
640 1097 715 1138 mea.

203 1164 265 1226 Nec
280 1163 423 1225 hactenus
438 1165 554 1225 fortuna
572 1161 731 1222 maculauit
746 1170 875 1239 patrem,

161 1248 214 1309 sed
230 1249 323 1309 maius
339 1247 417 1309 aliud
433 1267 503 1309 ausa
520 1248 668 1326 coemisse
683 1245 795 1315 scelus,

162 1341 269 1411 gnatae
283 1333 428 1394 nefandos
443 1341 547 1411 petere
563 1330 738 1392 concubitus
754 1331 845 1391 iubet.

161 1431 220 1477 non
236 1417 362 1495 pauidus
376 1416 461 1477 bausi
477 1417 568 1485 dicta,
590 1416 641 1476 scd
658 1417 723 1492 cepi
741 1416 830 1475 nefas.

202 1501 282 1578 Ergo
298 1511 329 1560 ut
344 1520 398 1580 per
414 1503 510 1562 omnis
525 1499 637 1560 liberos
652 1500 726 1559 irem
743 1517 869 1576 parens,

160 1591 261 1644 coacta
278 1585 344 1644 satis
361 1594 447 1662 gnata
464 1586 522 1646 fert
537 1592 655 1645 uterum
673 1601 797 1662 grauem

160 1688 207 1728 me
222 1676 305 1748 patre
321 1670 452 1746 dignum.
484 1687 571 1729 uersa
587 1677 692 1728 natura
709 1675 753 1728 est
768 1677 859 1729 retro.

160 1771 215 1813 auo
231 1763 384 1830 parentem
399 1753 554 1832 pronefas
569 1755 648 1831 patri
663 1752 761 1812 uirum

160 1839 257 1912 gnatis
273 1846 394 1916 nepotes
410 1839 515 1898 miscui
531 1838 610 1897 nocti
626 1837 714 1897 diem.

204 1921 260 1981 Sed
277 1939 343 1982 sera
359 1922 479 1982 tandem
495 1922 616 1998 respicit
630 1920 726 1982 fessos
740 1918 824 1981 malis

159 2014 226 2081 post
241 2004 298 2066 iata
314 2006 433 2066 demum
448 2007 537 2066 sortis
552 2007 684 2065 incertae
699 2005 788 2066 fides:

159 2106 212 2148 rex
228 2088 277 2150 ille
292 2091 519 2167 regumductor
534 2093 738 2166 Agamemnon
754 2090 861 2151 ducum

160 2174 244 2234 cuius
260 2181 379 2235 secutae
395 2173 474 2235 mille
489 2172 630 2234 uexillum
646 2180 725 2234 rates

160 2256 242 2318 iliaca
260 2256 333 2319 uelis
349 2260 440 2320 maria
456 2267 597 2320 texerunt
611 2259 688 2328 suis,

159 2349 227 2420 post
243 2342 358 2403 decima
375 2342 487 2404 Phoebi
503 2342 595 2403 lustra
611 2343 728 2403 deuicto
744 2341 795 2402 llio

160 2425 243 2486 adest
258 2427 380 2487 daturus
396 2427 513 2504 coniugi
531 2426 663 2505 iugulum
679 2445 759 2488 suae.

202 2510 322 2571 lamiam
339 2511 453 2572 natabit
467 2513 611 2589 sangnine
626 2511 740 2572 alterno
757 2511 872 2572 domus.

160 2613 246 2656 enses
261 2614 396 2656 securem
412 2595 467 2656 tela
484 2596 610 2656 diuisum
626 2598 712 2674 graui

160 2681 219 2739 ictu
238 2678 377 2758 bipennis
394 2682 511 2757 regium
526 2680 613 2741 uideo
630 2688 728 2758 capnt.

160 2764 228 2823 iam
245 2763 358 2825 scelera
374 2783 467 2843 prope
483 2773 550 2824 sunt
565 2767 633 2825 iam
650 2762 734 2826 dolus
751 2764 856 2825 caedes
872 2770 970 2826 cruor.

203 2848 349 2910 Parantur
365 2849 478 2928 epulae.
510 2867 598 2909 causa
613 2847 718 2910 natalis
733 2849 776 2909 tui

159 2931 297 3010 Aegistho
312 2935 403 2995 uenit.
434 2934 503 3012 quid
520 2933 616 3011 pudor
632 2933 734 2994 uultus
748 2941 865 3010 grauat,

159 3016 231 3094 quid
247 3015 350 3078 dextra
366 3016 455 3079 dubio
470 3017 584 3096 trepida
601 3017 723 3078 consilio
738 3016 831 3088 labat,

160 3201 366 3210 m*-

228 3321 261 3370 23
283 3335 312 3370 re
335 3324 483 3384 etamusp
511 3315 523 3385 11
552 3323 585 3372 35
608 3320 666 3372 Auo
685 3324 814 3386 nepotem
883 3321 916 3374 A.
954 3325 1079 3372 orontem

159 3385 289 3436 EMJRA
313 3335 332 3451 ἡ)
348 3389 381 3437 38
403 3386 528 3438 incertae
547 3387 616 3438 ME
641 3390 766 3440 incestae
785 3391 810 3439 Α
830 3329 903 3456 Nm
926 3338 1035 3440 (fecimus
1052 3389 1079 3440 B

160 3451 269 3530 elenau
287 3453 358 3504 bino
371 3449 457 3519 α1145
475 3470 599 3507 securem
611 3456 637 3505 Ε
655 3471 766 3508 secures
778 3458 802 3506 Α
815 3453 873 3524 [148
890 3462 964 3508 tuna
974 3457 1052 3508 NHe.
1070 3455 1080 3522 Ιῑ
