2550 3917
199 177 265 242 424
593 194 736 243 runcari

203 334 326 396 Bellona
341 337 432 396 lerro.
462 336 547 395 mitte
562 334 724 394 Gradiuum
742 342 865 395 trucem.

203 427 335 480 armetur
350 422 381 479 in
396 439 445 480 me
460 421 557 480 dnus:
582 426 627 479 est
642 420 735 480 irater
750 419 868 498 quidem

202 505 254 565 sed
271 523 308 565 ex
323 523 462 565 nouerca.
494 511 525 564 tu
542 522 659 582 quoque
675 502 793 564 Alcidae
808 521 894 565 soror

203 595 318 649 tantum
333 608 370 649 ex
384 597 508 667 parente
524 589 677 667 cuspidem
693 590 723 647 in
740 588 861 650 tratrem
877 594 962 649 tuum

201 672 330 734 iaculare
345 673 451 734 Pallas.
482 671 631 750 supplices
646 673 737 733 tende
753 691 859 734 manus

201 757 237 818 ad
252 765 282 817 te
298 776 443 819 nouerca:
467 775 575 836 sparge
590 766 622 817 tu
637 756 742 817 saltem
757 776 867 836 precor
959 800 960 805 η

200 842 301 903 telum.
332 844 431 920 perire
447 844 574 903 feminae
588 860 710 920 possum
726 860 825 903 manu.

202 927 261 987 iam
278 926 369 987 lracta
385 929 444 987 iam
462 929 564 987 satiata
580 927 651 1003 quid
667 927 786 1003 parcis?
809 928 903 989 minas

202 1010 272 1090 quid
289 1012 406 1091 quaeris
421 1011 519 1073 ultrei
542 1011 705 1089 supplicem
722 1010 844 1071 Alciden
861 1012 954 1072 uides.

203 1104 233 1155 et
247 1095 326 1156 nulla
343 1095 429 1157 tellus
444 1095 524 1156 nulla
541 1113 589 1155 me
604 1095 679 1155 uidit
694 1095 757 1155 iera

203 1187 233 1240 te
250 1180 470 1260 deprecantem.
501 1197 581 1239 nnnc
596 1179 668 1239 mihi
684 1180 758 1239 irata
774 1181 894 1259 quidem

202 1282 276 1342 opus
292 1272 337 1325 est
352 1282 497 1326 nouerca:
520 1282 600 1324 nunc
615 1269 685 1324 tuus
700 1273 795 1324 cessat
811 1263 916 1325 dolor?
953 1275 959 1287 ·

201 1366 282 1409 nunc
298 1348 365 1409 odia
381 1349 485 1428 ponis?
507 1349 605 1426 parcis
620 1348 672 1408 ubi
686 1356 791 1408 uotum
807 1356 852 1409 est
866 1349 963 1410 morit

200 1452 219 1493 o
234 1440 315 1493 terra
331 1440 361 1493 et
375 1433 467 1495 urbes
482 1450 542 1492 non
559 1434 655 1493 lacem
670 1433 825 1512 quisquam
841 1433 962 1495 Herculi

199 1535 261 1577 non
277 1536 358 1578 arma
374 1518 490 1578 tradet?
513 1516 568 1577 tela
584 1515 757 1578 subtrahitis
772 1518 862 1578 mihil

200 1604 239 1662 ita
255 1602 456 1663 nullasaeuas
470 1609 551 1662 terra
569 1603 717 1680 concipiat
731 1602 810 1663 ieras

201 1695 269 1765 post
284 1706 332 1747 me
348 1686 464 1765 sepulto
481 1703 537 1745 nec
551 1703 632 1745 meas
647 1703 787 1763 umquam
804 1703 910 1746 manus

199 1770 331 1849 inploret
345 1770 442 1832 orbis:
467 1768 509 1850 [si
522 1786 584 1845 qua
599 1777 764 1831 nascentur
778 1774 878 1845 mata,

200 1862 344 1926 nascetur
359 1853 475 1934 odium]
491 1855 623 1932 undiquc
640 1853 741 1913 infelix
757 1864 847 1934 caput

199 1946 327 2001 mactate
339 1942 432 2010 saxis,
449 1941 560 2000 uincite
574 1955 732 1999 aerumnas
748 1957 838 1999 meas

200 2027 316 2102 ingrate
332 2042 431 2085 cessas
446 2023 547 2083 orbisl
571 2023 734 2082 excidimus
749 2022 821 2082 tibi?

200 2109 298 2171 adhuc
313 2107 398 2169 malis
414 2109 544 2187 terisque
558 2108 730 2185 suppositus
745 2106 839 2176 seres,

200 2195 320 2254 nisime
336 2192 463 2254 tulisses.
494 2192 642 2253 uindicem
659 2196 754 2252 uestri
766 2191 853 2251 malis

202 2279 306 2354 eripite
321 2274 433 2355 populi.
463 2285 581 2354 tempus
596 2276 655 2336 hnc
669 2275 755 2336 uobis
770 2277 858 2337 datur

269 2499 335 2548 1317
354 2500 397 2547 est
414 2496 472 2562 Εψ
491 2502 523 2547 et
541 2511 560 2546 ce
572 2492 584 2562 ΙΙ
596 2497 663 2545 1322
681 2510 791 2560 possum
810 2496 933 2548 eRPatt.
952 2498 1054 2560 possim
1068 2498 1092 2545 A
1112 2494 1114 2559 l

201 2567 267 2616 1323
279 2565 374 2630 pascis
386 2582 408 2617 ω
426 2565 527 2629 parcis
546 2564 637 2614 minis
656 2563 735 2615 Gran.
754 2563 875 2625 parcis?
894 2564 983 2613 minas
995 2560 1114 2629 scripsit

201 2634 267 2684 1326
285 2633 326 2683 Te
345 2633 378 2683 de
397 2637 530 2697 precante
548 2632 574 2682 Ε
591 2632 631 2683 Te
650 2635 678 2681 te
697 2636 860 2697 precantem
877 2630 903 2683 A
926 2626 938 2697 ΙΙ
963 2632 1120 2682 1326111111

200 2736 282 2798 pater
299 2732 324 2782 Ε
341 2733 415 2783 irata
434 2731 542 2797 quidem
557 2728 570 2798 ll
587 2734 653 2784 1321
671 2746 735 2782 num
754 2732 779 2781 Ε
800 2746 874 2782 nunc
893 2732 917 2781 A
935 2728 947 2798 ll
965 2704 1030 2784 1328
1050 2708 1119 2783 erm

201 2799 282 2865 (corr.
286 2816 329 2865 pr.
335 2817 366 2849 m.
366 2799 380 2864 )
390 2801 416 2850 Ε
426 2800 506 2851 Nunc
516 2800 541 2849 A
552 2798 637 2864 ll13²9
650 2805 724 2849 terra
736 2799 762 2848 E
773 2804 866 2850 tarrae
876 2796 885 2865 ll
895 2802 960 2850 1332
974 2800 1083 2865 sepulto
1095 2800 1119 2850 Ε

201 2868 339 2934 sepultum
361 2868 386 2917 A
421 2871 484 2934 post
507 2883 560 2919 me.
588 2865 702 3000 selum
726 2868 802 2917 NHe.
832 2864 845 2935 ΙΙ
875 2870 941 2919 1333
969 2872 1119 2919 nascentur

201 2936 277 2985 mala
294 2936 320 2984 Ε
337 2940 471 2987 nascetur
491 2936 553 2986 fera
570 2935 596 2983 A
667 2937 733 2986 1334
751 2936 890 2985 Nascetur
907 2934 999 2985 odium
1016 2936 1042 2988 Ε
1065 2938 1118 2987 Na·

201 3008 296 3054 scatur
319 3004 392 3053 alius
414 3003 439 3052 A
468 2999 480 3070 ll
508 3002 629 3066 undique
652 3020 674 3053 ne
703 2999 715 3069 ll
744 3004 914 3053 Nascantur
937 3003 1029 3053 ocius
1048 3004 1117 3055 Bad.

200 3072 341 3122 Iunonis
359 3072 427 3121 odio
440 3072 516 3121 NHe.
536 3072 704 3122 Nascantur
720 3071 812 3121 hodie
831 3074 888 3121 aui
905 3070 1026 3134 undique
1041 3072 1118 3122 Gran.

200 3141 368 3190 Nascantur
387 3139 458 3189 alio
475 3138 607 3188 uindice
627 3138 680 3191 GR.
692 3134 704 3204 ll
718 3136 796 3189 1333h
815 3139 881 3189 1334
901 3140 1058 3189 13361336·
1075 3142 1118 3190 de·

200 3215 259 3257 eunt
279 3207 300 3257 0
321 3224 363 3259 aar.
384 3206 464 3258 iasab
483 3209 562 3258 1334·
582 3206 630 3255 lruc
648 3222 683 3256 erc
705 3221 796 3256 errare
813 3212 986 3271 transpositos
1003 3208 1119 3270 suspicor

201 3291 237 3326 ecc
254 3275 368 3325 Hercule
386 3274 422 3334 I,¹
439 3276 482 3325 ubi
496 3282 558 3340 poet
574 3291 599 3323 u.
618 3276 680 3324 940·
696 3276 738 3324 uel
754 3276 816 3324 941⁸
833 3276 922 3323 deesse
941 3276 991 3324 duo
1009 3275 1117 3325 hemisti-

200 3344 259 3393 chia
276 3345 382 3393 eandem
399 3345 550 3393 sententiam
567 3342 707 3405 efficientia
724 3342 828 3392 conieci.
840 3337 852 3407 ll
865 3344 930 3392 1336
948 3341 1076 3392 Mactare
1094 3341 1117 3391 Ε

201 3410 326 3459 Mactata
345 3412 369 3459 A
382 3406 394 3475 ΙΙ
407 3412 473 3461 1333
490 3410 593 3460 nestris
611 3410 636 3458 Ε
654 3410 746 3459 uestri
764 3410 840 3460 NHa
853 3405 865 3476 ll
883 3411 948 3460 1339
967 3410 1077 3474 Eripite
1093 3408 1117 3458 Ε

200 3477 306 3540 Lipsius
323 3476 451 3541 Excipite
470 3477 495 3526 A
519 3473 530 3542 ΙΙ
