2550 3917
204 167 268 231 294
484 184 515 231 1,.
532 184 665 231 auram
681 182 842 232 seuucmr

203 328 354 399 praestare
370 324 481 383 meritis
496 323 645 399 coniugis:
667 324 727 384 leto
742 325 797 385 luit

204 415 293 485 caput
308 406 518 485 obserendum,
536 408 560 466 si
576 410 653 467 mori
668 408 793 469 nollem:
816 408 874 469 fide

202 492 311 551 misero
327 492 497 552 carendum.
530 510 590 552 non
607 494 696 552 timor
710 495 784 552 uicit
797 492 887 552 fidem

202 576 254 635 sed
271 577 385 656 trepida
402 578 507 655 pietas:
533 578 643 655 quippe
657 584 834 655 sequeretur
849 595 927 637 nece

202 659 302 739 proles
317 669 481 739 parentem.
1034 727 1038 735 ,

186 743 193 763 ’
522 744 688 805 Osancta
704 746 728 805 si
744 745 859 805 caelum
875 746 984 807 incolis

200 829 311 889 lustitia
329 847 437 890 numen
454 832 561 890 inuoco
577 849 611 890 ac
627 836 720 889 testor
736 838 834 898 tuum,

202 915 281 992 gnati
298 922 412 992 patrem
428 916 539 975 uicere.
571 916 641 994 quin
660 916 754 992 ipsam
771 932 889 993 quoque

201 999 254 1058 etsi
270 997 353 1059 ferox
370 1005 414 1059 est
429 1000 519 1059 corde
535 1012 590 1058 nec
605 1001 721 1076 patiens
735 1000 797 1075 iugi

201 1082 358 1143 consulere
375 1085 449 1143 natis
465 1082 551 1143 malle
567 1102 656 1161 quam
672 1081 807 1142 thalamis
823 1100 902 1143 reor.

201 1169 351 1227 constituit
366 1168 480 1228 animus
497 1166 636 1245 precibus
652 1169 757 1227 iratam
772 1168 904 1245 aggredi.

201 1258 289 1328 atque
304 1270 373 1312 ecce
388 1253 452 1312 uiso
468 1259 577 1312 memet
593 1251 694 1311 exiluit
710 1253 796 1311 lurit:

201 1335 259 1394 lert
275 1335 340 1395 odia
357 1355 428 1415 prae
444 1355 475 1397 se
491 1342 570 1395 totus
586 1338 616 1395 in
632 1335 717 1396 uultu
734 1343 778 1395 est
793 1335 903 1395 dolon*
1228 1409 1229 1414 η

168 1423 198 1475 b⁰
246 1432 331 1477 uun.
356 1421 496 1497 Fugimus
511 1420 597 1480 lason
613 1420 750 1496 fugimus.
781 1420 839 1480 hoc
855 1438 913 1480 nou
932 1429 979 1482 est
993 1440 1103 1485 nouum
1118 1430 1176 1478 aco

200 1512 316 1563 mutare
332 1505 430 1571 sedes.
449 1524 535 1565 causa
553 1505 683 1582 fugiendi
699 1522 777 1564 noua
793 1512 851 1564 est:
996 1517 1000 1521 ’

200 1594 299 1664 prote
317 1588 447 1650 solebam
465 1590 577 1667 lugere.
609 1589 729 1649 discedo
746 1607 819 1649 exeo

201 1672 356 1748 penatibus
372 1674 531 1752 profugere
547 1692 633 1750 quam
652 1676 733 1751 cogis
749 1675 815 1733 tuis.

167 1778 183 1812 a
243 1756 294 1815 Ad
311 1776 402 1835 quos
418 1758 601 1818 remittis?
625 1759 733 1818 Phasin
748 1765 777 1817 et
793 1756 919 1818 Colchos
935 1766 1036 1837 petam

201 1843 388 1919 patriumque
404 1860 681 1919 regnumquaeque
697 1844 845 1902 lrateruus
860 1860 950 1903 eruor

200 1925 331 2003 perludit
347 1926 437 1986 arua?
461 1944 533 2006 quas
550 1929 609 2004 peti
624 1934 721 2003 terras
736 1926 840 1986 iubes?

202 2028 275 2087 quae
292 2013 383 2070 maria
400 2012 566 2071 monstras?
591 2012 702 2088 pontici
719 2012 819 2071 fauces
835 2010 902 2070 ireti

201 2112 255 2171 per
271 2112 343 2171 quas
359 2096 461 2155 reneri
478 2094 608 2155 nobilem
624 2113 728 2172 regum
745 2112 866 2155 manum

201 2176 367 2237 adulterum
383 2187 482 2239 secuta
498 2199 552 2258 per
569 2180 798 2259 Symplegadas?

202 2280 364 2339 paruamne
379 2263 481 2324 Iolcon
497 2262 622 2323 thessala
639 2282 675 2322 an
692 2263 804 2341 Tempe
819 2264 937 2341 petaml
1138 2273 1183 2321 465

203 2364 404 2425 quascumque
420 2349 521 2426 aperui
537 2347 589 2407 tibi
605 2349 667 2407 uias
684 2346 774 2408 clausi
790 2348 871 2407 mihi.

168 2427 193 2486 a‘
247 2430 322 2501 Quo
339 2450 392 2490 me
408 2432 592 2492 remittis?
616 2431 683 2491 exul
700 2432 817 2492 exilium
834 2433 964 2510 imperas

202 2532 257 2573 nec
273 2515 333 2575 das.
365 2525 457 2576 eaurr.
488 2518 587 2592 regius
603 2518 687 2575 iussit
701 2534 812 2593 gener:

203 2598 275 2657 nihil
292 2617 406 2661 recuso.
439 2601 502 2660 dira
519 2600 663 2678 supplicia
678 2602 797 2676 ingere:

204 2684 307 2743 merui.
341 2687 471 2745 cruentis
487 2684 629 2762 paelicem
646 2686 750 2763 poeuis
765 2692 881 2763 premat

204 2767 312 2844 regalis
328 2770 371 2828 ira
387 2768 512 2830 uinculis
528 2777 632 2829 oneret
648 2788 754 2831 manus

204 2851 393 2932 clausamque
409 2872 479 2913 saxo
496 2856 589 2914 noctis
604 2862 743 2915 aeternae
760 2852 883 2913 obruat:

271 3058 322 3107 439
345 3057 429 3106 nolim
451 3058 476 3107 Α
506 3057 606 3106 nollem
629 3056 655 3105 E
684 3053 696 3123 ΙΙ
723 3058 775 3107 440
793 3055 942 3106 carendum
961 3062 1005 3106 est
1023 3057 1049 3105 A
1081 3061 1123 3106 eat

205 3140 250 3173 om.
260 3124 285 3173 E
297 3122 308 3189 ll
321 3125 408 3174 uincit
420 3126 508 3173 uirum
522 3126 546 3173 Α
565 3125 634 3174 uicit
647 3125 679 3188 (t.
694 3124 752 3190 Gr.)
771 3123 851 3173 fidem
863 3119 910 3188 ΕΗ
923 3125 973 3172 441
986 3140 1083 3173 necem
1096 3124 1121 3173 A

204 3193 269 3240 neci
280 3192 306 3239 E
324 3208 395 3242 nece
410 3193 487 3242 Gron.
499 3188 511 3256 ΙΙ
523 3194 573 3242 442
592 3197 738 3256 parentum
751 3210 772 3242 ω
790 3197 944 3255 parentem
957 3191 1036 3241 Gron.
1048 3187 1060 3256 ΙΙ
1071 3192 1122 3240 455

206 3257 374 3317 Quintilianus
390 3260 442 3308 IX.
456 3264 481 3312 2,
495 3262 527 3309 8.·
545 3264 554 3291 a
563 3264 593 3307 ut
605 3260 704 3309 Medea
725 3261 798 3323 apud
816 3260 965 3309 Senecam:
984 3274 1053 3322 quos
1065 3258 1123 3323 peti

204 3331 293 3374 terroe
307 3328 420 3376 iubes?'
437 3324 449 3393 ll
464 3328 515 3377 458
529 3328 637 3377 nobiles
651 3344 672 3377 r.
686 3342 783 3376 manus
796 3329 820 3376 Α
838 3325 960 3376 nobilem
978 3341 999 3373 r.
1013 3340 1120 3375 manum

205 3391 230 3438 Ε
242 3388 253 3456 ΙΙ
269 3394 319 3443 459
333 3394 486 3443 adniterum
500 3394 525 3442 E
541 3391 553 3460 [l
568 3396 618 3444 460
631 3394 783 3456 eolehonq
802 3394 900 3443 colcon
911 3394 961 3443 ΕΗ
973 3393 1065 3443 iolcon
1078 3409 1096 3441 α
1112 3387 1121 3457 ll

206 3464 271 3507 ante
285 3464 431 3523 paepetam
445 3461 468 3508 Ε
482 3476 518 3509 nn
530 3466 620 3526 tempe
633 3464 726 3526 petam
742 3464 763 3510 Α
777 3458 788 3527 ΙΙ
804 3464 854 3511 452
868 3461 942 3511 exuli
955 3462 980 3510 Α
996 3459 1093 3511 exulE
1109 3457 1119 3523 ΙΙ
