2550 3917
167 231 169 235 ,
204 138 267 202 368
595 148 736 196 rncnnrr

206 294 315 370 sparsit
330 298 502 370 peremptus
517 307 641 350 aureum
657 305 781 364 serpens
797 303 902 347 nemus

208 386 236 440 et
250 377 345 458 hydra
362 378 441 437 uires
456 376 554 455 posuit
570 382 598 433 et
613 381 700 433 notos
715 370 816 432 Hebro

208 481 316 524 cruore
331 463 455 540 pingues
470 461 619 536 hospitum
636 457 712 533 fregi
727 472 833 534 greges

206 548 357 625 hostisque
372 547 450 606 traxi
465 544 557 623 spolia
573 542 820 603 thermodontiae.

207 633 267 693 uidi
282 632 421 692 silentum
437 630 495 690 lata
511 647 566 689 nec
582 634 695 687 tantum
713 625 792 693 redi,

206 718 258 778 sed
274 717 407 794 trepidus
423 723 518 775 atrurn
535 712 698 774 Cerberum
713 709 788 770 uidit
803 709 865 770 dies

207 811 236 862 et
251 801 298 861 ille
313 799 415 860 solem.
446 798 543 859 nullus
558 800 687 858 Antaeus
702 794 790 873 Libys

207 888 333 946 animam
348 886 486 952 resumit,
505 883 610 943 cecidit
626 888 693 941 ante
709 898 776 940 aras
792 897 860 940 suas

206 971 332 1039 Busiris,
349 988 407 1030 una
425 976 469 1029 est
484 970 599 1045 Geryon
616 983 738 1044 sparsus
754 982 843 1024 manu

206 1066 368 1133 taurusque
385 1053 501 1130 populis
516 1051 657 1111 horridus
673 1058 792 1110 centum
808 1066 913 1127 pauor.

206 1141 413 1218 quodcumque
429 1137 515 1198 tellus
531 1137 632 1213 gennit
647 1135 752 1195 iut'esta
769 1134 876 1194 occidit

206 1242 331 1303 meaque
347 1224 443 1283 lusum
461 1229 504 1282 est
521 1221 653 1282 dextera.
683 1221 765 1279 iratis
781 1218 843 1279 deis

207 1326 265 1367 non
281 1307 363 1369 licuit
378 1326 451 1368 esse.
483 1307 508 1365 si
523 1312 611 1381 negat
625 1303 756 1363 mundus
771 1304 850 1363 feras

208 1395 336 1454 animum
353 1409 499 1460 nouerca,
517 1389 610 1451 redde
625 1406 705 1448 nunc
721 1397 809 1464 gnato
825 1394 940 1465 patrem

207 1477 254 1537 uel
270 1486 348 1537 astra
363 1477 442 1537 lorti.
471 1493 528 1535 nec
542 1481 611 1552 peto
626 1480 659 1534 ut
674 1471 821 1532 monstres
834 1473 904 1532 iter:

205 1563 343 1640 permitte
357 1569 469 1621 tantum
486 1562 617 1638 genitor,
633 1559 782 1618 inueniam
797 1558 888 1617 uiam.
965 1626 971 1634 ,

207 1646 254 1707 uel
270 1647 295 1705 si
311 1648 395 1706 times
411 1663 449 1707 ne
464 1651 544 1704 terra
562 1644 709 1722 concipiat
725 1642 818 1713 ieras,

177 1757 190 1797 3
208 1740 349 1809 properet
363 1729 472 1790 malum
489 1727 711 1808 quodcumque,
729 1727 799 1786 dum
815 1735 894 1786 terra
909 1725 1069 1787 Herculem
1142 1734 1178 1782 35

206 1815 297 1875 habet
311 1815 464 1892 uidetque:
489 1831 557 1873 nam
574 1814 638 1890 quis
654 1811 774 1872 inuadet
789 1809 864 1872 mala

207 1907 257 1961 aut
272 1901 337 1976 quis
351 1917 406 1978 per
422 1898 512 1958 urbes
528 1913 631 1958 rursus
647 1895 793 1974 argolicas
809 1896 865 1956 erit

206 1985 326 2045 lunonis
343 1984 411 2043 odio
428 1983 551 2060 dignust
566 2015 609 2029 ·-
625 1983 654 2041 in
670 1988 765 2041 tutum
781 1998 863 2041 meas

206 2068 309 2129 landes
325 2068 439 2146 redegi,
457 2067 536 2126 nulla
552 2084 600 2126 me
616 2065 703 2126 tellus
717 2065 791 2125 silet.
958 2079 1020 2129 ouer.
1035 2077 1101 2120 xvu

206 2172 254 2214 me
269 2155 361 2214 sensit
375 2170 462 2212 ursae
477 2151 615 2228 trigidum
632 2150 780 2229 scythicae
796 2165 890 2226 genus
961 2161 983 2204 r.
998 2163 1125 2206 cxxxvu
1145 2159 1179 2207 40

205 2238 354 2315 ludusque
369 2236 490 2296 Phoebo
507 2235 641 2296 subditus
657 2252 765 2295 cancro
780 2234 879 2314 Libys.

206 2330 235 2382 te
251 2320 329 2382 clare
345 2322 430 2382 'l'itan
447 2329 556 2390 testor,
574 2321 692 2380 occurri
706 2318 759 2378 tibi

207 2424 393 2485 quacumque
408 2404 503 2484 fulges
518 2421 574 2465 nec
590 2421 673 2464 meos
687 2403 736 2465 lux
752 2406 893 2484 prosequi

206 2493 302 2569 potuit
317 2491 493 2569 triumphos.
523 2488 593 2550 solis
609 2489 721 2549 excessi
736 2491 818 2549 uices

206 2575 342 2654 intraque
358 2583 474 2636 nostras
490 2573 619 2634 substitit
634 2581 727 2633 metas
743 2574 814 2633 dies.

206 2667 311 2722 natura
328 2661 429 2729 cessit,
445 2668 526 2721 terra
543 2658 649 2720 deiecit
664 2659 802 2736 gradum,

274 2899 308 2946 20
325 2897 398 2960 fregi
417 2895 441 2944 Ε
453 2895 573 2944 Detriani
589 2895 649 2943 fudi
668 2896 692 2943 A
716 2891 729 2961 ll
750 2897 783 2943 22
802 2895 932 2946 silentum
949 2895 1001 2946 EA
1023 2911 1124 2962 regen·

206 2969 263 3012 tem
275 2972 299 3027 ψ
311 2961 323 3029 Η
335 2968 440 3012 tentum
455 2969 492 3026 εψ
510 2967 604 3011 lamen
617 2964 642 3012 A
654 2958 665 3027 ll
677 2963 710 3010 26
728 2977 783 3010 une
796 2978 900 3028 geryon
918 2963 975 3026 (om.
989 2964 1043 3028 est)
1061 2965 1088 3013 E
1107 2962 1122 3032 ll

206 3033 239 3082 28
252 3032 356 3081 infesta
365 3031 414 3095 Εψ
428 3031 560 3080 infestum
570 3031 595 3078 A
606 3025 619 3096 ss
631 3033 663 3080 29
675 3030 766 3079 fusum
780 3036 823 3079 est
834 3030 884 3094 Εψ
898 3035 997 3082 estem.
1007 3048 1026 3081 α
1037 3029 1049 3097 ll
1062 3048 1125 3083 erc·

205 3099 243 3149 tis
261 3099 286 3149 E
309 3096 321 3166 ΙΙ
344 3102 377 3149 30
395 3100 419 3148 si
437 3099 462 3147 E
479 3099 553 3148 Voss⁴
567 3099 672 3161 Lipsius
684 3114 719 3147 ex
731 3098 772 3146 Mt
782 3105 810 3147 nt
821 3100 931 3148 cudetur.
949 3100 990 3150 sic
1008 3100 1033 3149 A
1054 3095 1066 3164 l]
1090 3103 1124 3151 31

208 3158 308 3218 coerce
320 3167 345 3217 Ε
358 3165 417 3230 (sed
429 3181 553 3216 coercem
565 3173 583 3213 t.
596 3165 684 3230 NHe.)
696 3177 819 3215 nouerca
831 3167 856 3216 A
869 3183 903 3216 an
914 3167 1062 3217 dominum
1074 3182 1125 3219 no-

206 3238 308 3286 uerca?
318 3233 368 3299 1134
379 3240 455 3284 terra
468 3251 489 3284 ω
503 3234 595 3283 foeta
609 3233 685 3285 NHr.
696 3232 745 3299 ll35
756 3238 831 3283 terra
844 3251 866 3284 ro
878 3251 912 3284 an
923 3235 1037 3285 laeta?
1049 3239 1126 3286 terra

207 3303 334 3354 hercules
352 3319 396 3355 me.
416 3302 502 3353 Goion.
518 3297 530 3368 ll
547 3304 580 3352 39
598 3301 693 3364 redegi
711 3301 737 3350 Ε
754 3303 849 3366 recepi
866 3303 891 3351 A
909 3299 922 3368 ll
935 3305 970 3352 40
987 3302 1123 3354 Scithiae

207 3371 360 3437 ngcatiper
377 3369 513 3420 scithicae
531 3369 556 3419 Ε
575 3368 721 3432 Scythicae
740 3370 765 3418 A
777 3367 832 3434 1141
852 3371 948 3421 cancri
966 3371 991 3420 Ε
1002 3367 1014 3436 ll
1025 3372 1059 3421 45
1076 3370 1125 3420 ln·

207 3437 305 3502 troque
324 3456 346 3488 ω
363 3439 501 3502 Intraque
522 3437 599 3488 (icon.
618 3437 630 3505 ΙΙ
647 3439 682 3487 46
698 3436 801 3487 defecit
818 3439 858 3488 εΑ
878 3438 1006 3502 ιεἰσεεοιηιίτ
1023 3438 1089 3488 aaa
1108 3438 1122 3502 ΙΙ
