2550 3917
505 245 705 293 PRAEFATIO
990 249 1079 296 XXXI

136 422 206 461 mum
233 421 300 461 uero
325 405 512 479 quaternionis
539 404 636 461 folium
659 422 721 462 cum
742 405 868 463 uersibus
896 406 1073 466 ont-736
1151 456 1157 463 .

136 489 164 563 (f.
178 506 201 545 e.
216 488 258 547 40
272 488 365 561 lineis)
387 498 552 564 occupetur,
574 489 662 547 lineae
682 498 789 546 restant
809 490 886 554 280.
907 492 978 548 uude
999 500 1075 567 patet

136 576 152 632 7
172 590 271 631 uersus
291 574 404 631 ultimos
426 576 515 649 primo
542 574 608 632 folio
629 576 745 649 proximi
766 575 889 633 fasciculi
913 577 1074 634 tribuendos

135 676 198 716 esse.
236 657 309 726 Quae
332 660 449 716 sirecte
471 667 535 716 sunt
557 668 718 735 computata.
742 660 809 717 bled.
827 659 994 719 87—1028
1018 669 1081 723 tres

28 813 31 823 Ι
134 744 295 818 conplebant
315 744 521 818 quaterniones,
543 762 643 801 uersus
667 745 783 803 1-86
805 753 831 802 et
854 744 1073 803 1029—1035

133 836 206 886 erant
227 828 255 884 in
277 830 317 885 eis
333 831 381 903 qui
395 831 518 904 proxime
538 829 736 887 antecedebant
753 838 781 886 et
796 829 981 905 sequebantur
997 830 1076 886 fasci-

134 914 208 970 culis.

192 1030 287 1105 Oedipi
301 1032 443 1106 relliquias
457 1050 527 1107 quae
542 1033 768 1106 conplectebatur
784 1034 929 1107 quaternio
946 1034 1014 1090 hanc
1027 1034 1060 1090 ba

131 1116 188 1173 buit
203 1114 337 1191 effigiem:

357 1219 415 1276 Fol.
504 1220 531 1274 1.
551 1217 720 1276 321-358

501 1302 530 1358 2.
550 1301 718 1360 359-398

501 1388 528 1445 3.
549 1386 749 1445 399-438

474 1455 716 1682 &icae-519

500 1641 527 1699 6.
549 1639 749 1699 oro-557

500 1727 527 1784 7.
547 1724 715 1783 558-597

501 1810 529 1867 8.
548 1808 716 1868 598-637

188 1928 258 1984 'l'ota
279 1935 370 1985 autem
387 1929 526 2003 tragoedia
542 1928 691 1986 secundum
708 1928 825 1985 similem
843 1929 991 2003 quamodo
1013 1937 1076 1986 utc-

120 2012 220 2069 bamur
246 2014 414 2087 conputandi
440 2015 572 2071 rationem
593 2015 675 2069 hasce
703 2012 806 2070 codicis
833 2023 925 2087 partes
952 2016 1075 2070 tenuisse

118 2097 246 2155 uidetur:

275 2183 421 2257 inscriptio
450 2190 477 2239 et
504 2200 531 2239 u.
557 2182 650 2239 1-2
667 2184 693 2238 in
709 2182 762 2238 fine
778 2183 900 2241 fasciculi

487 2286 513 2323 u.
526 2266 652 2325 3-943
669 2277 727 2323 tres
744 2268 867 2325 fasciculi

460 2351 648 2410 344-1081
667 2354 717 2408 tria
730 2352 795 2408 folia
809 2341 899 2427 quarti
910 2351 1034 2410 fasciculi
1046 2361 1075 2408 et

663 2436 1071 2511 nonnulliuersosquartifolif.

183 2536 314 2595 Videmus
341 2538 427 2612 igitur
452 2546 575 2595 neutram
601 2538 697 2594 harum
727 2539 930 2611 tragoediarum
956 2557 971 2595 a
993 2539 1073 2613 plena

116 2626 304 2697 quaternione
324 2622 458 2696 incipere.
480 2632 604 2679 neutram
626 2622 655 2678 in
670 2623 752 2697 plena
767 2622 840 2679 finiri
855 2640 945 2697 neque
966 2625 1004 2679 ita
1026 2640 1072 2679 eas

115 2714 285 2781 conparatas
301 2715 332 2763 ut
347 2707 432 2763 altera
448 2708 559 2764 alteram
576 2710 716 2781 excepisse
728 2709 820 2782 putari
833 2707 929 2781 possit.
961 2707 999 2761 Ex
1015 2724 1070 2780 quo

114 2795 138 2848 si
155 2792 229 2848 nibil
246 2792 319 2847 aliud
334 2793 360 2847 id
376 2801 450 2850 certe
466 2792 590 2849 effecisse
605 2792 686 2848 uobis
707 2792 848 2853 uidemur.
871 2790 994 2863 plures
1015 2791 1070 2845 his

112 2876 255 2935 duabus
277 2876 414 2933 fabulas
435 2878 557 2935 codicem
580 2877 657 2934 illum
679 2876 856 2933 continuisse.

182 2962 207 3017 ls
224 2961 295 3018 liber
310 2979 474 3037 quamquam
495 2961 578 3018 alium
596 2961 798 3036 tragoediarum
815 2959 938 3016 ordinem
960 2958 1070 3016 uidetur

108 3054 232 3106 secutus
246 3041 282 3119 ἦ)
310 3063 371 3105 esse
394 3064 474 3122 quam
496 3047 603 3105 codices
625 3047 769 3120 uolgares,
799 3054 889 3101 tamen
916 3047 1070 3119 scripturae

105 3284 133 3332 is
152 3281 283 3331 numeris
299 3281 401 3330 nostris
420 3281 451 3331 15
464 3280 550 3330 addat
562 3283 679 3344 oportet.
708 3278 751 3328 Ad
764 3279 792 3327 id
805 3278 875 3344 quod
887 3280 983 3328 nostra
1002 3292 1067 3327 eon·

108 3350 268 3413 putatione
282 3348 475 3411 consequimur
487 3363 521 3399 ea
533 3346 692 3397 differentia
704 3346 808 3396 nullius
822 3350 865 3397 est
876 3345 1016 3394 momenti.

186 3415 211 3481 ¹³)
236 3417 334 3479 Neque
351 3416 495 3480 uolgarem
515 3431 606 3480 neque
623 3415 798 3465 florentinum
816 3412 973 3463 fabularum
994 3410 1066 3460 ordi·

104 3501 178 3536 nem
196 3484 304 3546 tenuit,
323 3483 352 3533 id
370 3482 440 3547 quod
453 3499 508 3533 non
525 3482 640 3533 difficile
659 3487 734 3534 esset
751 3479 926 3546 computando
939 3478 1066 3554 probare.

101 3553 166 3605 Sed
187 3553 304 3605 tertium
321 3552 458 3618 quendam
476 3551 600 3617 estquod
618 3552 789 3615 suspicemur
805 3554 834 3598 in
847 3561 879 3599 eo
892 3546 979 3595 fuisse
992 3542 1064 3592 ordr-
