2550 3917
535 198 714 247 numurus

162 338 213 399 sed
228 339 340 417 rapior.
366 340 427 399 imo
442 340 535 415 ungit
551 358 567 399 e
583 339 677 401 tunde
691 338 801 409 solum,

161 430 243 484 tonat
259 422 322 504 dies
338 442 463 485 serenus
479 425 596 487 aetolis
612 425 718 485 demtis

160 515 193 569 ut
209 508 303 569 lraeta
317 509 403 569 tectis
418 510 535 586 crepuit
550 516 580 571 et
594 510 669 570 moti
682 507 760 569 lares

113 640 118 643 .
160 600 281 673 uertere
297 592 428 655 uultum:
449 594 502 655 fiat
515 594 583 663 hoe,
599 595 650 655 tint
664 594 763 663 netas,
1098 612 1148 663 ιιι

161 677 241 756 quod
256 676 287 738 di
303 680 421 739 timetis.

122 770 147 829 f'
203 774 278 823 sur.
483 764 596 827 Facere
612 763 683 843 quid
698 762 817 825 tandem
831 763 938 840 paras?

114 904 117 909 Α
161 860 240 908 ιιι.
274 849 403 908 neseio
424 849 512 927 quid
533 848 678 910 animus
697 850 793 909 maius
808 855 839 909 et
852 846 938 909 solito
953 846 1081 929 amplius

161 949 312 1010 supraque
328 933 402 995 lines
417 935 508 995 rueris
522 933 647 995 hnmani
661 939 780 995 tumet

160 1016 308 1096 instatque
325 1019 417 1096 pigris
432 1018 577 1081 nudibus.
603 1017 685 1079 haud
699 1018 770 1098 quid
785 1019 910 1087 sitente,

160 1101 213 1162 sed
228 1102 342 1178 grande
358 1103 498 1181 quiddam
514 1110 568 1165 eet.
593 1104 633 1165 ita
648 1104 696 1164 sit
718 1103 777 1165 heo
791 1105 891 1165 anime
905 1120 1030 1182 occupa.
1097 1122 1148 1171 ιιι)

102 1222 105 1227 ,
161 1185 283 1264 dignum
300 1194 346 1247 est
359 1188 486 1267 Thyeste
501 1188 616 1255 laetans
632 1195 662 1249 et
675 1187 797 1264 dignum
812 1189 913 1249 Atreo.

126 1304 144 1353 g
203 1272 334 1348 Vterque
350 1273 446 1335 iaciat.
460 1306 503 1321 ω
519 1274 593 1335 uidit
608 1273 748 1334 intendas
759 1274 867 1335 demus

160 1353 278 1433 odrysia
293 1374 420 1419 mensas.
436 1392 481 1405 -·
493 1358 603 1429 lateor,
624 1359 745 1420 inmane
759 1366 806 1420 est
819 1356 936 1428 scelus,

160 1439 212 1501 sed
229 1450 419 1519 occupatum:
437 1445 531 1505 maius
545 1443 604 1505 hee
618 1442 727 1522 aliquid
742 1442 828 1505 delur

160 1527 303 1587 inueniat.
335 1528 464 1588 animum
481 1528 581 1589 Daulis
596 1529 710 1606 inspira
726 1546 839 1607 parens
1094 1546 1145 1595 ιιι

160 1626 317 1689 sororque.
338 1630 425 1673 eausa
442 1611 619 1674 estsimilis:
636 1614 740 1675 assiste
756 1622 786 1674 et
801 1630 922 1673 manum

160 1694 272 1773 inpelle
289 1705 433 1757 nostram.
449 1730 493 1742 -
506 1696 624 1759 liberes
635 1698 742 1759 auidus
755 1704 841 1777 pater

161 1779 353 1860 gaudensque
367 1780 479 1844 laeeret
493 1789 524 1845 et
537 1799 608 1843 sues
622 1789 708 1844 artus
722 1782 798 1843 edat.

124 1854 149 1928 ι’
203 1865 285 1926 Bene
301 1874 354 1927 est.
382 1866 502 1929 abunde
516 1873 570 1930 est.
597 1866 647 1927 hie
663 1866 762 1945 planet
775 1885 891 1945 poenae
905 1866 1012 1927 medus

162 1951 315 2030 tantisper.
342 1950 465 2013 ubinam
479 1953 540 2013 esti
555 1959 615 2013 tarn
631 1952 684 2013 diu
698 1970 752 2013 eur
766 1953 912 2015 innocens
1095 1970 1147 2019 ιιι)
1206 2008 1209 2016 .

162 2044 299 2095 uersatur
314 2036 438 2097 Atreus?
454 2044 515 2097 tota
530 2039 589 2097 iam
605 2045 675 2099 ante
689 2035 794 2099 neules
808 2055 891 2099 meos

161 2120 261 2196 imago
278 2120 377 2181 caedis
392 2128 489 2192 errat,
506 2124 621 2199 ingesta
636 2122 749 2183 orbitas

161 2204 191 2263 in
208 2221 260 2264 ora
277 2206 378 2283 patris.
405 2208 503 2268 anime
518 2207 589 2286 quid
605 2224 712 2267 rursus
726 2210 813 2267 times

162 2294 191 2349 et
206 2295 275 2349 ante
289 2307 353 2349 rern
371 2290 517 2351 subsidia?
532 2291 702 2353 audendum
718 2299 776 2361 est,
792 2309 858 2370 age.

162 2372 240 2450 qnod
258 2380 303 2434 est
317 2374 348 2434 in
362 2376 420 2436 isto
435 2375 550 2438 scelere
565 2378 760 2455 praecipuum
775 2378 867 2447 netas,
1097 2392 1149 2443 ιιι

164 2460 221 2519 hnc
236 2458 300 2535 ipse
315 2460 411 2521 laeiet

127 2538 145 2587 h
205 2554 282 2605 sar.
487 2544 546 2605 Sed
561 2545 669 2623 quihus
683 2552 787 2624 eaptus
803 2544 879 2608 dolis

162 2633 281 2688 nostros
297 2627 379 2689 dabit
394 2629 558 2707 perductus
573 2632 603 2690 in
618 2628 741 2709 laqueus
756 2631 880 2709 pedem?

160 2712 279 2773 inimica
296 2713 391 2774 eredit
405 2720 522 2775 cuncta.
636 2712 638 2717 ’

161 2810 239 2881 ιιι,
552 2817 613 2859 non
628 2807 746 2879 peterat
760 2800 835 2880 capi,

161 2882 216 2943 nisi
233 2899 341 2960 capere
356 2880 454 2945 uellet.
481 2900 573 2961 regna
588 2902 669 2946 nune
684 2893 813 2963 sperat
828 2902 902 2946 mea.

227 3084 279 3137 aes
303 3088 423 3152 timete
452 3090 541 3137 tumet
558 3087 623 3137 na·
638 3082 651 3153 ῃ
679 3089 729 3137 ιιι
747 3066 860 3138 inimus
878 3088 903 3137 a
930 3083 944 3153 [ι
971 3087 1023 3139 ero
1039 3090 1082 3138 sn-

161 3152 221 3217 eipe
240 3155 266 3203 A
301 3170 408 3219 occupa
426 3154 452 3203 E
474 3172 516 3209 un.
541 3170 576 3206 ene
598 3156 664 3205 Pell.
700 3151 712 3221 ss
746 3158 797 3206 272
818 3159 935 3221 uterque
954 3156 980 3206 A
1008 3156 1081 3222 quod

160 3224 275 3285 uterque
288 3222 313 3270 Ε
336 3219 347 3288 Η
371 3224 421 3273 276
440 3224 560 3273 animum
572 3224 688 3289 gnatitp
711 3238 756 3272 an.
769 3222 820 3273 filii
832 3225 857 3274 A
881 3225 1003 3274 animum
1015 3222 1083 3274 dau-

160 3287 194 3337 lis
212 3288 238 3337 E
267 3286 279 3355 ΙΙ
308 3292 359 3342 276
382 3296 562 3357 sererentur
593 3306 724 3356 sororque
743 3290 789 3341 Εα
817 3289 829 3357 [Ι
862 3294 912 3342 277
935 3307 1037 3357 parens
1055 3292 1081 3341 A

159 3360 240 3419 pater
257 3356 284 3406 E
312 3354 325 3425 ΙΙ
353 3360 403 3409 282
421 3360 503 3409 uerba
520 3360 632 3424 ingesta
651 3360 757 3409 orbitas
773 3361 802 3410 in
819 3376 868 3410 nra
880 3362 969 3425 patris
986 3376 1034 3409 om.
1047 3368 1083 3423 ψ,

158 3428 261 3474 tuentur
279 3439 313 3477 αε
336 3423 348 3492 ΙΙ
371 3428 421 3477 286
439 3428 529 3477 faeiat
548 3444 567 3478 α
585 3428 674 3477 lae-iet
692 3426 742 3492 Εψ
765 3424 777 3494 ΙΙ
805 3428 856 3479 288
873 3429 977 3492 poterit
988 3428 1014 3477 A
1032 3442 1081 3491 po-

158 3497 232 3543 teret
251 3506 265 3545 ε
282 3511 324 3544 un.
338 3512 373 3547 ex
390 3496 457 3545 Pan.
488 3491 500 3561 ΙΙ
