2550 3917
575 189 726 237 osnrrvs
779 237 782 250 ,

189 334 293 393 satiata
308 329 395 392 tellus
410 329 503 391 halitu
519 331 597 389 sieeo
612 336 714 398 noret,

190 417 244 478 sed
258 435 311 477 rex
327 423 468 476 eruentus
482 415 577 490 pretia
594 415 645 492 qui
660 431 766 473 saeuae
782 414 863 474 neeis

190 510 308 579 sceptra
325 508 353 560 et
367 499 510 560 nelandos
525 505 649 575 oeeupat
665 496 810 558 thalamos
826 499 926 576 patris.

150 586 182 658 g'
235 587 331 646 louisa
348 583 460 664 proles,
477 584 529 643 sed
545 592 643 643 tamen
660 585 745 660 peior
761 600 869 661 parens

191 689 279 749 quam
295 677 414 748 gnatus,
438 677 523 729 utero
539 685 644 728 rursus
658 668 787 728 inlausto
803 669 903 745 grauis

191 758 251 833 egit
267 757 317 833 qui
332 757 361 814 in
378 763 461 814 ortus
476 761 570 814 semet
586 761 615 814 et
629 754 717 824 matri
732 753 828 829 inpios

191 840 270 901 letus
285 839 408 916 regessit
423 840 533 917 quique
548 838 598 897 uix
614 852 679 902 mos
695 844 740 896 est
755 837 840 904 ieris,

189 927 298 984 iratres
314 924 368 984 sibi
384 925 446 1000 ipse
462 924 578 1000 genuit,
594 921 760 1000 inplicitum
778 921 887 982 malum

192 1011 343 1088 magisque
359 1015 523 1068 monstrum
540 1007 671 1086 Sphinge
688 1005 862 1085 perplexum
878 1024 950 1080 sua,

152 1101 175 1151 d
236 1093 278 1153 Te
292 1104 322 1152 te
337 1101 459 1154 eruenta
475 1100 593 1170 seeptro
609 1092 658 1169 qui
675 1092 777 1151 dextra
794 1092 882 1169 geris,

192 1190 222 1238 te
237 1185 320 1256 pater
335 1176 447 1238 inultus
461 1176 537 1237 urbe
552 1195 620 1236 eum
636 1184 696 1237 tota
715 1185 813 1254 petam

192 1271 223 1322 et
237 1281 354 1322 meeum
369 1262 497 1341 Erinnys
512 1262 664 1340 pronubas
679 1260 799 1320 thalami
816 1257 929 1320 trabam

190 1356 310 1408 totorum
328 1355 467 1407 sonantes
482 1345 620 1407 uerbera.
654 1348 795 1405 incestam
813 1345 934 1404 domum

192 1441 305 1493 neriam
323 1441 352 1492 et
367 1440 488 1511 penates
504 1432 586 1509 inpio
602 1440 697 1491 marte
714 1430 857 1490 obteram.

152 1516 181 1574 d'
234 1517 364 1576 Proinde
379 1514 497 1595 pulsum
512 1516 620 1576 imibus
635 1532 736 1590 regem
753 1516 835 1574 ocius

190 1603 268 1679 agite
285 1600 412 1661 exulem.
442 1618 631 1678 quocumque
647 1600 762 1659 lunesto
779 1599 872 1675 gradu

84 1727 87 1733 -
190 1685 287 1746 solum
304 1684 465 1763 relinquet,
483 1702 555 1745 uere
570 1684 703 1744 llorilero
719 1701 821 1745 nemus

190 1769 344 1850 reparabit
358 1768 482 1837 herbas,
500 1771 620 1848 spiritus
635 1786 727 1848 puros
743 1767 823 1828 dabit

190 1853 288 1914 uitalis
304 1873 375 1915 aura
392 1855 493 1914 ueniet
507 1861 537 1914 et
552 1852 635 1913 siluis
651 1853 753 1913 decor.

192 1939 296 2021 [letum
311 1942 433 2014 luesque
446 1955 526 1999 mors
541 1940 628 1998 labor
644 1939 726 1999 tobes
742 1940 829 1998 dolor

188 2029 352 2086 comitatus
366 2027 419 2084 illo
434 2025 544 2098 dignus
558 2025 705 2084 excedent
717 2020 832 2101 simut]

152 2109 188 2166 d¹¹
234 2109 271 2169 Et
285 2110 348 2187 ipse
363 2107 475 2186 rapidis
490 2107 641 2185 gressibus
657 2108 742 2168 sedes
760 2106 840 2168 uolet

191 2194 324 2271 elingere
339 2202 469 2262 nostras,
486 2191 537 2252 sed
554 2209 662 2268 graues
679 2191 802 2270 pedibus
819 2209 918 2252 moras

190 2278 297 2339 addam
315 2288 344 2338 et
357 2277 483 2338 tenebo:
507 2284 592 2352 repet
606 2278 739 2337 incertus
757 2277 821 2337 uiae

191 2361 298 2424 baculo
314 2361 399 2422 senili
414 2363 497 2423 triste
512 2369 732 2438 praetemptans
748 2362 813 2421 iter.

192 2449 297 2524 eripite
312 2456 426 2515 terras,
442 2446 573 2507 auleram
590 2446 703 2506 eaelum
721 2454 813 2524 pater.

157 2557 176 2606 g
237 2544 318 2592 oreo.
342 2531 379 2591 Et
394 2550 459 2593 ossa
476 2539 506 2592 et
521 2539 601 2591 artos
617 2529 731 2608 gelidus
746 2532 856 2590 inuasit
871 2538 997 2590 tremor:

191 2616 332 2696 quiequid
350 2615 488 2677 timebam
505 2615 620 2684 lacere,
636 2616 742 2676 iecisse
757 2633 875 2692 arguor.
918 2631 920 2634 ·

260 2873 309 2921 647
333 2870 446 2934 praeeie
465 2869 489 2917 Ε
512 2870 603 2934 prelia
621 2870 693 2933 Mop.
719 2871 844 2934 praemis
862 2868 930 2930 ΑΕΗ
953 2869 1042 2933 prims
1061 2868 1085 2917 A
1102 2838 1111 2908 Η

192 2940 242 2989 sis
260 2945 399 3004 sceptrum
419 2936 498 2989 Gron.
521 2933 532 3003 Η
556 2938 603 2987 651
623 2938 744 3001 Egiique
764 2937 812 3001 Εψ
831 2936 898 3001 Egit
917 2935 962 3000 qui
981 2936 1005 2985 A
1026 2932 1037 3000 Η
1061 2937 1111 2985 652

191 3008 239 3056 uix
257 3007 309 3056 EA
328 3021 379 3056 nec
398 3013 421 3068 ψ
438 3001 449 3070 Η
465 3007 514 3056 657
534 3008 640 3068 erynim
659 3005 810 3068 prenubam
829 3004 854 3052 E
877 3003 994 3052 Erinnes
1012 3019 1113 3068 pronu-

192 3076 243 3124 bae
264 3078 287 3123 A
317 3071 329 3139 Η
358 3075 408 3123 658
431 3072 540 3122 trahem
559 3090 580 3122 ω
603 3077 735 3122 toruum
753 3074 849 3135 scripsi
875 3068 886 3136 Η
914 3072 1048 3120 incestam
1068 3073 1111 3120 eA

192 3144 328 3190 incertam
345 3151 369 3204 ψ
386 3137 398 3205 Η
415 3142 464 3191 661
484 3155 657 3204 quocumque
676 3139 725 3200 Εψ
745 3154 916 3204 quecumque
937 3135 984 3203 ΑΗ
1001 3139 1050 3188 662
1069 3153 1114 3187 re-

193 3210 300 3272 linquat
319 3212 344 3258 A
371 3210 509 3272 relinquet
528 3217 570 3271 εψ
594 3205 606 3274 Η
628 3208 722 3256 uirens
741 3225 762 3257 ω
789 3222 902 3257 nemus
921 3207 1014 3269 scripsi
1034 3206 1112 3266 (sort.

193 3280 358 3341 transpositis
376 3277 552 3326 hemistichiis:
571 3275 687 3339 spiritus
707 3291 733 3339 p.
753 3275 778 3324 d.
793 3275 823 3324 V.
844 3291 870 3324 a.
890 3289 956 3323 uere
975 3274 995 3323 f.
1015 3287 1112 3322 nemus

191 3345 348 3410 Reparnbit
359 3344 385 3396 h.
398 3345 494 3394 ueniet
507 3348 536 3393 ei
547 3359 569 3393 e.
583 3342 621 3405 d.)
639 3340 651 3409 Η
673 3345 723 3393 665
741 3343 790 3392 666
808 3343 898 3392 sustuli
915 3340 1086 3401 exceduntur
1105 3338 1114 3404 Η

192 3414 243 3463 669
266 3415 376 3477 repetet
399 3412 448 3475 Εψ
477 3417 568 3476 reptet
590 3412 615 3460 A
646 3418 725 3474 repet
745 3411 819 3460 DHs.
850 3407 862 3476 Η
891 3411 940 3460 ott
960 3409 1067 3474 Eripite
1088 3409 1112 3457 E

192 3481 349 3544 Praeripite
362 3481 387 3530 A
400 3477 473 3546 11672
488 3480 572 3531 ost).
588 3488 631 3543 εψ
645 3495 691 3529 om.
707 3480 731 3529 A
744 3477 756 3544 Η
767 3481 816 3530 673
831 3479 915 3528 OED.
931 3480 953 3527 A
967 3494 1013 3528 om.
1030 3485 1072 3541 εψ
1089 3473 1101 3542 Η

248 3579 371 3614 ssusces
391 3579 475 3615 raso.
873 3561 912 3623 14

1255 3059 1260 3090 l
