2550 3917
432 236 614 285 uuuuvuus
632 221 821 303 [ouruuus]
1023 219 1085 283 437

131 383 168 442 b‘'
295 376 452 439 Fallimur:
475 376 553 437 laete
568 377 652 437 uenit
667 392 755 435 eece
771 372 853 435 uoltu

252 479 338 540 quem
356 462 423 522 tulit
437 461 553 521 Poeaus
568 462 738 539 umerisque
754 458 812 519 tela

252 554 347 623 gestat
362 553 392 607 et
406 552 491 605 notas
505 544 622 623 populis
639 543 793 622 pharetras

369 630 547 692 Herculis
562 629 661 691 heres.
716 657 732 692 ,·

461 895 608 944 cflouvs
632 894 795 942 NVNTIVS.

213 1054 312 1115 Effare
328 1070 414 1113 casus
429 1052 546 1113 iuuenis
562 1050 719 1112 herculeos
737 1066 855 1129 precor,

168 1138 290 1199 uultuue
305 1156 434 1217 quonum
449 1135 550 1197 tulerit
563 1134 681 1197 Alcides
697 1154 810 1195 necem.

167 1237 270 1283 uvur.
287 1241 346 1301 que
361 1240 449 1283 nemo
465 1222 564 1281 uitam.

169 1320 273 1369 cflou.
603 1304 698 1365 laetus
713 1304 826 1365 adeone
840 1300 960 1365 ultimos

168 1393 274 1453 inuasit
289 1391 391 1470 ignes?

168 1491 271 1538 NVNT.
423 1492 489 1535 esse
503 1475 561 1535 iam
577 1472 712 1533 flammas
726 1471 800 1533 nihil

170 1557 859 1638 mfflfflmmmmems

169 1648 290 1706 iumuue
305 1648 351 1705 nil
364 1644 494 1722 reliquit.
526 1661 564 1704 eu
580 1641 689 1702 domita
705 1644 812 1702 omnia.

171 1742 273 1790 cndu.
289 1731 367 1788 iuter
382 1746 510 1806 uapores
525 1728 591 1806 quis
607 1726 662 1786 fuit
677 1726 745 1787 forti
760 1726 863 1787 locus?

170 1828 273 1875 quT.
292 1812 370 1890 quod
387 1830 479 1872 uuum
494 1814 524 1872 iu
540 1811 613 1873 orbe
630 1814 744 1872 uicerat
759 1810 891 1871 noudum
907 1810 1016 1871 malum

171 1906 200 1959 et
214 1898 333 1958 flamma
349 1898 424 1957 uieta
442 1904 500 1966 est,
516 1896 590 1957 haec
606 1914 725 1975 quoque
740 1896 864 1956 accessit
879 1895 966 1962 feris„

170 1984 248 2043 iuter
264 1980 383 2042 labores
398 1984 474 2059 iguis
488 1980 646 2042 herculeos
661 1979 730 2041 abit.
826 2022 829 2027 ,
1108 1988 1173 2039 1620

171 2079 275 2128 011011.
298 2066 429 2128 edissere
444 2066 569 2142 agedum
586 2064 704 2125 flamma
721 2084 780 2144 quo
797 2066 873 2125 uicta
891 2073 934 2125 est
949 2062 1054 2124 modo?
1117 2132 1120 2137 ¹

170 2165 275 2212 ervum.
293 2159 326 2211 ut
341 2151 438 2211 emuis
454 2149 547 2210 Oeten
563 2158 676 2210 maesta
692 2152 841 2229 couripuit
855 2167 975 2209 manus:

171 2236 240 2297 huie
256 2234 341 2313 fagus
357 2234 478 2295 umbras
493 2234 592 2313 perdit
607 2244 637 2295 et
652 2242 713 2294 teto
729 2234 804 2295 iacet

171 2320 285 2381 succisa
300 2328 423 2387 trunco,
440 2320 533 2379 flectit
547 2319 596 2380 hic
611 2322 721 2402 pinum)
731 2318 813 2379 seror

172 2406 258 2463 astris
274 2406 435 2463 minantem
452 2413 482 2464 et
497 2403 577 2464 nube
593 2404 629 2465 de
646 2403 741 2463 media
760 2412 859 2475 uocat,

172 2490 286 2549 ruitura
303 2496 419 2549 cautem
436 2490 527 2549 mouit
544 2495 573 2549 et
588 2488 694 2549 siluam
711 2487 776 2548 tulit

241 2776 306 2827 1668
323 2776 414 2827 Poeas
427 2776 453 2825 A
470 2790 557 2841 peuns
574 2774 647 2840 ruffi
656 2772 686 2840 9)
699 2770 710 2840 ΙΙ
726 2774 903 2837 humerisque
922 2772 983 2823 AR
1001 2772 1089 2822 humi·

171 2843 262 2908 lisque
280 2844 356 2909 W)
379 2840 392 2909 ΙΙ
413 2842 571 2893 NVNTIVS
586 2868 592 2880 ·
608 2841 755 2893 OHORVS
774 2843 800 2891 Ε
829 2839 974 2891 CHORVS
990 2864 996 2877 ·
1010 2841 1088 2890 ΡΗΙ-

171 2911 341 2961 LOTETES
354 2912 377 2961 11
394 2910 532 2961 NVTRIX
546 2934 553 2948 ·
566 2908 825 2960 PHILOCTETES
838 2909 865 2961 A
877 2906 950 2972 (add.
962 2908 1089 2957 alemena

174 2978 213 3043 G)
237 2982 324 3030 etsie
344 2994 395 3043 per
417 2985 496 3029 totam
517 2993 644 3028 scaenam.
675 2974 688 3043 ΙΙ
717 2976 970 3028 161211011111111Ε
999 2976 1094 3026 Voltu-

172 3061 226 3110 que
244 3048 270 3097 A
299 3043 312 3112 ΙΙ
342 3047 409 3096 1614
432 3049 551 3095 eusetum
569 3046 595 3095 Ε
625 3060 686 3095 esse
706 3046 761 3094 iam
780 3046 806 3095 A
834 3042 846 3111 ΙΙ
877 3044 942 3093 1615
967 3044 1016 3092 sub
1041 3043 1095 3092 hoc

172 3114 273 3165 mundo
291 3115 317 3164 Ε
335 3116 385 3164 sub
405 3129 508 3163 occasu
526 3115 552 3163 A
568 3109 581 3181 {J
600 3113 665 3163 1616
683 3112 805 3163 Immune
824 3113 919 3162 uinci?
938 3108 998 3175 (rie)
1017 3109 1098 3174 liquit

175 3199 210 3233 en
228 3183 334 3233 domitu
352 3182 445 3231 omnia
462 3181 489 3232 Ε
505 3181 641 3231 Immune
659 3180 708 3229 nil
726 3180 853 3245 reliquit
872 3180 950 3231 eron.
970 3178 1098 3229 edomita

174 3251 251 3300 NHs.
265 3252 330 3301 conl.
343 3250 426 3300 Herc.
433 3249 452 3299 I
454 3252 504 3298 966
517 3248 684 3314 (perdomita
697 3248 793 3313 tellus)
807 3249 916 3298 Virtute
929 3246 1005 3295 uinci
1017 3245 1096 3295 iudo-

174 3319 242 3368 mita
261 3318 357 3368 docuit
375 3319 467 3368 omnia
484 3326 509 3378 ψ
538 3319 572 3368 V.
591 3333 618 3369 u.
644 3316 739 3366 docuit
756 3316 893 3367 indomita
912 3316 1004 3365 omnia
1023 3316 1060 3363 a?
1081 3314 1095 3377 ΙΙ

175 3387 240 3437 1618
258 3382 327 3437 orbe
347 3386 372 3435 Ε
390 3385 457 3435 orbe
475 3386 501 3434 A
513 3381 525 3451 ΙΙ
536 3387 649 3435 uicerat
666 3385 691 3434 Ε
708 3389 827 3435 uenerat
844 3386 869 3435 A
883 3381 894 3450 ss
913 3383 979 3433 1623
997 3382 1053 3431 Hic
1072 3380 1097 3429 Ε

174 3454 247 3503 Hine
266 3454 292 3503 A
309 3454 382 3503 Huic
403 3454 481 3503 Grun.
494 3448 506 3519 11
518 3458 577 3503 toto
597 3453 646 3504 εΗ
664 3456 724 3502 rota
742 3454 767 3503 A
784 3449 796 3519 ΙΙ
813 3454 883 3503 1624
899 3452 989 3502 flectit
1007 3449 1052 3499 hic
1072 3449 1098 3498 Ε

173 3522 251 3571 flexit
262 3521 327 3571 hinc
340 3524 366 3572 A
377 3516 389 3586 ΙΙ
403 3522 468 3570 1626
482 3526 591 3571 cautem
604 3521 630 3571 Ε
649 3526 745 3572 cautes
758 3523 783 3572 A
794 3518 808 3588 ΙΙ
818 3520 883 3573 tulit
895 3522 920 3571 Ε
938 3518 1025 3569 trahit
1036 3518 1062 3567 A
1074 3514 1086 3583 ΙΙ
