<?xml version="1.0" encoding="UTF-8"?>
<!DOCTYPE html PUBLIC "-//W3C//DTD XHTML 1.0 Transitional//EN"
    "http://www.w3.org/TR/xhtml1/DTD/xhtml1-transitional.dtd">
<html xmlns="http://www.w3.org/1999/xhtml" xml:lang="en" lang="en">
 <head>
  <title>
</title>
<meta http-equiv="Content-Type" content="text/html;charset=utf-8" />
  <meta name='ocr-system' content='tesseract 3.04.00' />
  <meta name='ocr-capabilities' content='ocr_page ocr_carea ocr_par ocr_line ocrx_word'/>
</head>
<body>
  <div class='ocr_page' id='page_1' title='image "./lannaeisenecaet00richgoog_0018.png"; bbox 0 0 2550 3917; ppageno 0'>
   <div class='ocr_carea' id='block_1_1' title="bbox 527 164 1106 219">
    <p class='ocr_par' dir='ltr' id='par_1_1' title="bbox 527 164 1106 219">
     <span class='ocr_line' id='line_1_1' title="bbox 527 164 1106 219; baseline 0.01 -8"><span class='ocrx_word' id='word_1_1' title='bbox 527 164 726 215; x_wconf 75' lang='lat' dir='ltr'><strong>PRAEFATIO</strong></span> <span class='ocrx_word' id='word_1_2' title='bbox 1037 170 1106 219; x_wconf 80' lang='lat' dir='ltr'><strong>xm</strong></span> 
     </span>
    </p>
   </div>
   <div class='ocr_carea' id='block_1_2' title="bbox 155 325 1104 487">
    <p class='ocr_par' dir='ltr' id='par_1_2' title="bbox 155 325 1104 487">
     <span class='ocr_line' id='line_1_2' title="bbox 155 325 1104 400; baseline 0.005 -20"><span class='ocrx_word' id='word_1_3' title='bbox 155 342 222 381; x_wconf 90' lang='lat' dir='ltr'><strong>uero</strong></span> <span class='ocrx_word' id='word_1_4' title='bbox 244 334 308 380; x_wconf 90' lang='lat' dir='ltr'><strong>aute</strong></span> <span class='ocrx_word' id='word_1_5' title='bbox 330 325 477 381; x_wconf 73' lang='lat' dir='ltr'><strong>Frontonis</strong></span> <span class='ocrx_word' id='word_1_6' title='bbox 499 334 615 382; x_wconf 86' lang='lat' dir='ltr'><strong>aetatem</strong></span> <span class='ocrx_word' id='word_1_7' title='bbox 635 328 728 400; x_wconf 89' lang='lat' dir='ltr'><strong>potuit</strong></span> <span class='ocrx_word' id='word_1_8' title='bbox 747 327 839 383; x_wconf 83' lang='lat' dir='ltr'><strong>scribi.</strong></span> <span class='ocrx_word' id='word_1_9' title='bbox 879 328 945 383; x_wconf 85' lang='lat' dir='ltr'><strong>Nam</strong></span> <span class='ocrx_word' id='word_1_10' title='bbox 961 345 1021 384; x_wconf 90' lang='lat' dir='ltr'><strong>cum</strong></span> <span class='ocrx_word' id='word_1_11' title='bbox 1045 328 1104 385; x_wconf 89' lang='lat' dir='ltr'><strong>aliis</strong></span> 
     </span>
     <span class='ocr_line' id='line_1_3' title="bbox 155 408 1104 487; baseline 0.004 -22"><span class='ocrx_word' id='word_1_12' title='bbox 155 410 323 483; x_wconf 80' lang='lat' dir='ltr'><strong>argumentis</strong></span> <span class='ocrx_word' id='word_1_13' title='bbox 331 410 445 467; x_wconf 89' lang='lat' dir='ltr'><strong>Vaterus</strong></span> <span class='ocrx_word' id='word_1_14' title='bbox 454 408 540 481; x_wconf 85' lang='lat' dir='ltr'><strong>(misc.</strong></span> <span class='ocrx_word' id='word_1_15' title='bbox 553 412 612 467; x_wconf 88' lang='lat' dir='ltr'><strong>crit.</strong></span> <span class='ocrx_word' id='word_1_16' title='bbox 626 411 721 469; x_wconf 86' lang='lat' dir='ltr'><strong>lascv</strong></span> <span class='ocrx_word' id='word_1_17' title='bbox 732 412 846 469; x_wconf 80' lang='lat' dir='ltr'><strong>iudalnni</strong></span> <span class='ocrx_word' id='word_1_18' title='bbox 856 413 944 469; x_wconf 90' lang='lat' dir='ltr'><strong>annal.</strong></span> <span class='ocrx_word' id='word_1_19' title='bbox 956 414 1104 487; x_wconf 85' lang='lat' dir='ltr'><strong>pbilvrm</strong></span> 
     </span>
    </p>
   </div>
   <div class='ocr_carea' id='block_1_3' title="bbox 152 494 1105 1162">
    <p class='ocr_par' dir='ltr' id='par_1_3' title="bbox 152 494 1105 1162">
     <span class='ocr_line' id='line_1_4' title="bbox 155 494 1105 571; baseline 0.005 -21"><span class='ocrx_word' id='word_1_20' title='bbox 155 494 236 551; x_wconf 78' lang='lat'>1853</span> <span class='ocrx_word' id='word_1_21' title='bbox 255 513 281 567; x_wconf 90' lang='lat' dir='ltr'><strong>p.</strong></span> <span class='ocrx_word' id='word_1_22' title='bbox 293 494 354 552; x_wconf 80' lang='lat'><strong>588</strong></span> <span class='ocrx_word' id='word_1_23' title='bbox 368 494 439 569; x_wconf 86' lang='lat' dir='ltr'><strong>sqq.)</strong></span> <span class='ocrx_word' id='word_1_24' title='bbox 457 503 484 551; x_wconf 92' lang='grc'><strong>31</strong></span> <span class='ocrx_word' id='word_1_25' title='bbox 498 496 631 552; x_wconf 83' lang='lat' dir='ltr'><strong>Brauuius</strong></span> <span class='ocrx_word' id='word_1_26' title='bbox 646 494 676 568; x_wconf 86' lang='lat' dir='ltr'><strong>(l.</strong></span> <span class='ocrx_word' id='word_1_27' title='bbox 692 496 711 552; x_wconf 91' lang='lat' dir='ltr'><strong>l.</strong></span> <span class='ocrx_word' id='word_1_28' title='bbox 727 514 755 569; x_wconf 86' lang='lat' dir='ltr'><strong>p.</strong></span> <span class='ocrx_word' id='word_1_29' title='bbox 765 496 805 554; x_wconf 82' lang='lat'><strong>56</strong></span> <span class='ocrx_word' id='word_1_30' title='bbox 819 497 853 569; x_wconf 92' lang='lat' dir='ltr'><strong>s.)</strong></span> <span class='ocrx_word' id='word_1_31' title='bbox 869 498 1010 560; x_wconf 88' lang='lat' dir='ltr'><strong>enicerint.</strong></span> <span class='ocrx_word' id='word_1_32' title='bbox 1027 516 1105 571; x_wconf 88' lang='lat' dir='ltr'><strong>prae·</strong></span> 
     </span>
     <span class='ocr_line' id='line_1_5' title="bbox 154 582 1105 654; baseline 0.004 -20"><span class='ocrx_word' id='word_1_33' title='bbox 154 588 243 635; x_wconf 79' lang='lat' dir='ltr'><strong>textae</strong></span> <span class='ocrx_word' id='word_1_34' title='bbox 255 588 393 635; x_wconf 77' lang='lat' dir='ltr'><strong>auctorem</strong></span> <span class='ocrx_word' id='word_1_35' title='bbox 405 596 460 635; x_wconf 90' lang='lat' dir='ltr'><strong>nou</strong></span> <span class='ocrx_word' id='word_1_36' title='bbox 472 597 558 653; x_wconf 91' lang='lat' dir='ltr'><strong>paruo</strong></span> <span class='ocrx_word' id='word_1_37' title='bbox 573 582 705 654; x_wconf 90' lang='lat' dir='ltr'><strong>temporis</strong></span> <span class='ocrx_word' id='word_1_38' title='bbox 720 582 866 638; x_wconf 88' lang='lat' dir='ltr'><strong>interuallo</strong></span> <span class='ocrx_word' id='word_1_39' title='bbox 878 582 911 638; x_wconf 89' lang='lat' dir='ltr'><strong>ab</strong></span> <span class='ocrx_word' id='word_1_40' title='bbox 924 583 1105 639; x_wconf 79' lang='grc'><strong>3313131133-</strong></span> 
     </span>
     <span class='ocr_line' id='line_1_6' title="bbox 153 664 1105 740; baseline 0.006 -23"><span class='ocrx_word' id='word_1_41' title='bbox 153 666 233 719; x_wconf 79' lang='grc'><strong>31313</strong></span> <span class='ocrx_word' id='word_1_42' title='bbox 254 664 371 726; x_wconf 91' lang='lat' dir='ltr'><strong>distare,</strong></span> <span class='ocrx_word' id='word_1_43' title='bbox 393 673 451 720; x_wconf 88' lang='lat' dir='ltr'><strong>tum</strong></span> <span class='ocrx_word' id='word_1_44' title='bbox 470 674 500 720; x_wconf 93' lang='lat' dir='ltr'><strong>nt</strong></span> <span class='ocrx_word' id='word_1_45' title='bbox 516 665 670 722; x_wconf 80' lang='lat' dir='ltr'><strong>referamus</strong></span> <span class='ocrx_word' id='word_1_46' title='bbox 687 673 753 738; x_wconf 85' lang='lat' dir='ltr'><strong>post</strong></span> <span class='ocrx_word' id='word_1_47' title='bbox 772 683 835 722; x_wconf 88' lang='lat' dir='ltr'><strong>eum</strong></span> <span class='ocrx_word' id='word_1_48' title='bbox 857 669 905 740; x_wconf 93' lang='lat' dir='ltr'><strong>qui</strong></span> <span class='ocrx_word' id='word_1_49' title='bbox 920 667 1063 724; x_wconf 80' lang='lat' dir='ltr'><strong>Herculem</strong></span> <span class='ocrx_word' id='word_1_50' title='bbox 1079 684 1105 723; x_wconf 91' lang='lat'><strong>11</strong></span> 
     </span>
     <span class='ocr_line' id='line_1_7' title="bbox 154 748 1104 822; baseline 0.004 -19"><span class='ocrx_word' id='word_1_51' title='bbox 154 748 278 822; x_wconf 81' lang='lat' dir='ltr'><strong>scripsit,</strong></span> <span class='ocrx_word' id='word_1_52' title='bbox 307 750 427 806; x_wconf 87' lang='lat' dir='ltr'><strong>rationes</strong></span> <span class='ocrx_word' id='word_1_53' title='bbox 450 752 579 806; x_wconf 87' lang='lat' dir='ltr'><strong>metricae</strong></span> <span class='ocrx_word' id='word_1_54' title='bbox 607 750 752 806; x_wconf 82' lang='lat' dir='ltr'><strong>adducunt.</strong></span> <span class='ocrx_word' id='word_1_55' title='bbox 798 751 831 806; x_wconf 85' lang='lat' dir='ltr'><strong>Vt</strong></span> <span class='ocrx_word' id='word_1_56' title='bbox 852 768 918 807; x_wconf 92' lang='lat' dir='ltr'><strong>uero</strong></span> <span class='ocrx_word' id='word_1_57' title='bbox 948 752 1104 809; x_wconf 72' lang='lat' dir='ltr'><strong>accuratius</strong></span> 
     </span>
     <span class='ocr_line' id='line_1_8' title="bbox 154 830 1104 908; baseline 0.004 -20"><span class='ocrx_word' id='word_1_58' title='bbox 154 830 281 889; x_wconf 85' lang='lat' dir='ltr'><strong>Octauiae</strong></span> <span class='ocrx_word' id='word_1_59' title='bbox 293 842 409 890; x_wconf 89' lang='lat' dir='ltr'><strong>aetatem</strong></span> <span class='ocrx_word' id='word_1_60' title='bbox 421 834 589 897; x_wconf 82' lang='lat' dir='ltr'><strong>definiamus,</strong></span> <span class='ocrx_word' id='word_1_61' title='bbox 607 850 641 889; x_wconf 89' lang='lat' dir='ltr'><strong>ne</strong></span> <span class='ocrx_word' id='word_1_62' title='bbox 654 852 669 890; x_wconf 93' lang='lat' dir='ltr'><strong>a</strong></span> <span class='ocrx_word' id='word_1_63' title='bbox 680 851 746 891; x_wconf 91' lang='lat' dir='ltr'><strong>uero</strong></span> <span class='ocrx_word' id='word_1_64' title='bbox 759 836 840 891; x_wconf 87' lang='lat' dir='ltr'><strong>nimis</strong></span> <span class='ocrx_word' id='word_1_65' title='bbox 852 836 934 908; x_wconf 89' lang='lat' dir='ltr'><strong>longe</strong></span> <span class='ocrx_word' id='word_1_66' title='bbox 945 836 1104 893; x_wconf 92' lang='lat' dir='ltr'><strong>aberremus</strong></span> 
     </span>
     <span class='ocr_line' id='line_1_9' title="bbox 152 919 1104 992; baseline 0.004 -21"><span class='ocrx_word' id='word_1_67' title='bbox 152 930 208 972; x_wconf 87' lang='lat' dir='ltr'><strong>nou</strong></span> <span class='ocrx_word' id='word_1_68' title='bbox 223 934 352 974; x_wconf 91' lang='lat' dir='ltr'><strong>ueremur</strong></span> <span class='ocrx_word' id='word_1_69' title='bbox 367 921 391 975; x_wconf 88' lang='lat' dir='ltr'><strong>si</strong></span> <span class='ocrx_word' id='word_1_70' title='bbox 405 921 464 992; x_wconf 87' lang='lat' dir='ltr'><strong>pari</strong></span> <span class='ocrx_word' id='word_1_71' title='bbox 480 920 538 977; x_wconf 85' lang='lat' dir='ltr'><strong>lere</strong></span> <span class='ocrx_word' id='word_1_72' title='bbox 555 919 703 975; x_wconf 87' lang='lat' dir='ltr'><strong>interuaHo</strong></span> <span class='ocrx_word' id='word_1_73' title='bbox 719 919 780 975; x_wconf 92' lang='lat' dir='ltr'><strong>eius</strong></span> <span class='ocrx_word' id='word_1_74' title='bbox 796 928 935 977; x_wconf 91' lang='lat' dir='ltr'><strong>auctorem</strong></span> <span class='ocrx_word' id='word_1_75' title='bbox 949 923 1104 978; x_wconf 87' lang='lat' dir='ltr'><strong>seiunctum</strong></span> 
     </span>
     <span class='ocr_line' id='line_1_10' title="bbox 153 1002 1101 1061; baseline 0.003 -5"><span class='ocrx_word' id='word_1_76' title='bbox 153 1016 214 1057; x_wconf 91' lang='lat' dir='ltr'><strong>esse</strong></span> <span class='ocrx_word' id='word_1_77' title='bbox 230 1002 346 1059; x_wconf 88' lang='lat' dir='ltr'><strong>dicimus</strong></span> <span class='ocrx_word' id='word_1_78' title='bbox 361 1020 376 1059; x_wconf 89' lang='lat' dir='ltr'><strong>a</strong></span> <span class='ocrx_word' id='word_1_79' title='bbox 390 1004 537 1060; x_wconf 80' lang='lat' dir='ltr'><strong>Frontonis</strong></span> <span class='ocrx_word' id='word_1_80' title='bbox 554 1011 581 1060; x_wconf 90' lang='grc'><strong>31</strong></span> <span class='ocrx_word' id='word_1_81' title='bbox 597 1021 612 1059; x_wconf 88' lang='grc'><strong>3</strong></span> <span class='ocrx_word' id='word_1_82' title='bbox 627 1005 705 1060; x_wconf 82' lang='lat' dir='ltr'><strong>boeti</strong></span> <span class='ocrx_word' id='word_1_83' title='bbox 721 1005 841 1061; x_wconf 88' lang='lat' dir='ltr'><strong>saeculo.</strong></span> <span class='ocrx_word' id='word_1_84' title='bbox 871 1005 972 1061; x_wconf 81' lang='lat' dir='ltr'><strong>lterum</strong></span> <span class='ocrx_word' id='word_1_85' title='bbox 986 1008 1059 1061; x_wconf 89' lang='lat' dir='ltr'><strong>euim</strong></span> <span class='ocrx_word' id='word_1_86' title='bbox 1074 1007 1101 1060; x_wconf 89' lang='lat' dir='ltr'><strong>io</strong></span> 
     </span>
     <span class='ocr_line' id='line_1_11' title="bbox 153 1086 1104 1162; baseline 0.004 -21"><span class='ocrx_word' id='word_1_87' title='bbox 153 1086 204 1142; x_wconf 90' lang='lat' dir='ltr'><strong>bac</strong></span> <span class='ocrx_word' id='word_1_88' title='bbox 215 1088 357 1161; x_wconf 80' lang='lat' dir='ltr'><strong>tragoedia</strong></span> <span class='ocrx_word' id='word_1_89' title='bbox 373 1096 551 1146; x_wconf 89' lang='lat' dir='ltr'><strong>tractatarum</strong></span> <span class='ocrx_word' id='word_1_90' title='bbox 563 1098 673 1162; x_wconf 87' lang='lat' dir='ltr'><strong>praeter</strong></span> <span class='ocrx_word' id='word_1_91' title='bbox 684 1087 803 1145; x_wconf 89' lang='lat' dir='ltr'><strong>Senecae</strong></span> <span class='ocrx_word' id='word_1_92' title='bbox 818 1088 903 1145; x_wconf 90' lang='lat' dir='ltr'><strong>libros</strong></span> <span class='ocrx_word' id='word_1_93' title='bbox 920 1107 990 1162; x_wconf 92' lang='lat' dir='ltr'><strong>quos</strong></span> <span class='ocrx_word' id='word_1_94' title='bbox 1005 1090 1104 1145; x_wconf 86' lang='grc'><strong>13313-</strong></span> 
     </span>
    </p>
   </div>
   <div class='ocr_carea' id='block_1_4' title="bbox 153 1172 1196 1248">
    <p class='ocr_par' dir='ltr' id='par_1_4' title="bbox 153 1172 1196 1248">
     <span class='ocr_line' id='line_1_12' title="bbox 153 1172 1196 1248; baseline 0.007 -22"><span class='ocrx_word' id='word_1_95' title='bbox 153 1172 255 1227; x_wconf 89' lang='lat' dir='ltr'><strong>mentia</strong></span> <span class='ocrx_word' id='word_1_96' title='bbox 271 1172 304 1227; x_wconf 90' lang='lat' dir='ltr'><strong>ad</strong></span> <span class='ocrx_word' id='word_1_97' title='bbox 318 1173 453 1233; x_wconf 87' lang='lat' dir='ltr'><strong>Naronem</strong></span> <span class='ocrx_word' id='word_1_98' title='bbox 469 1176 579 1248; x_wconf 88' lang='lat' dir='ltr'><strong>scripsit</strong></span> <span class='ocrx_word' id='word_1_99' title='bbox 593 1174 715 1231; x_wconf 87' lang='lat' dir='ltr'><strong>lons-est</strong></span> <span class='ocrx_word' id='word_1_100' title='bbox 729 1175 874 1247; x_wconf 87' lang='lat' dir='ltr'><strong>primarius</strong></span> <span class='ocrx_word' id='word_1_101' title='bbox 890 1175 1010 1241; x_wconf 81' lang='lat' dir='ltr'><strong>Tacitus,</strong></span> <span class='ocrx_word' id='word_1_102' title='bbox 1026 1176 1104 1230; x_wconf 92' lang='lat' dir='ltr'><strong>cuius</strong></span> <span class='ocrx_word' id='word_1_103' title='bbox 1188 1222 1196 1233; x_wconf 91' lang='lat'><strong>.</strong></span> 
     </span>
    </p>
   </div>
   <div class='ocr_carea' id='block_1_5' title="bbox 152 1256 1104 1839">
    <p class='ocr_par' dir='ltr' id='par_1_5' title="bbox 152 1256 1104 1839">
     <span class='ocr_line' id='line_1_13' title="bbox 153 1256 1103 1332; baseline 0.002 -21"><span class='ocrx_word' id='word_1_104' title='bbox 153 1256 242 1312; x_wconf 88' lang='lat' dir='ltr'><strong>studia</strong></span> <span class='ocrx_word' id='word_1_105' title='bbox 257 1266 402 1331; x_wconf 88' lang='lat' dir='ltr'><strong>postquam</strong></span> <span class='ocrx_word' id='word_1_106' title='bbox 419 1259 465 1314; x_wconf 92' lang='lat' dir='ltr'><strong>diu</strong></span> <span class='ocrx_word' id='word_1_107' title='bbox 487 1262 594 1315; x_wconf 90' lang='lat' dir='ltr'><strong>iacuere</strong></span> <span class='ocrx_word' id='word_1_108' title='bbox 609 1261 773 1315; x_wconf 89' lang='lat' dir='ltr'><strong>resuscitata</strong></span> <span class='ocrx_word' id='word_1_109' title='bbox 787 1276 848 1315; x_wconf 89' lang='lat' dir='ltr'><strong>esse</strong></span> <span class='ocrx_word' id='word_1_110' title='bbox 869 1267 967 1332; x_wconf 91' lang='lat' dir='ltr'><strong>quarto</strong></span> <span class='ocrx_word' id='word_1_111' title='bbox 985 1258 1103 1322; x_wconf 87' lang='lat' dir='ltr'><strong>saeculo,</strong></span> 
     </span>
     <span class='ocr_line' id='line_1_14' title="bbox 153 1343 1104 1417; baseline 0.002 -20"><span class='ocrx_word' id='word_1_112' title='bbox 153 1349 321 1397; x_wconf 87' lang='lat' dir='ltr'><strong>auctorent</strong></span> <span class='ocrx_word' id='word_1_113' title='bbox 346 1343 457 1399; x_wconf 91' lang='lat' dir='ltr'><strong>uidetur</strong></span> <span class='ocrx_word' id='word_1_114' title='bbox 484 1344 577 1400; x_wconf 89' lang='lat' dir='ltr'><strong>&#39;lacito</strong></span> <span class='ocrx_word' id='word_1_115' title='bbox 601 1344 730 1405; x_wconf 82' lang='lat' dir='ltr'><strong>Caesare,</strong></span> <span class='ocrx_word' id='word_1_116' title='bbox 760 1344 894 1417; x_wconf 86' lang='lat' dir='ltr'><strong>Vopiscus</strong></span> <span class='ocrx_word' id='word_1_117' title='bbox 921 1344 1104 1417; x_wconf 84' lang='lat' dir='ltr'><strong>Hieronymus</strong></span> 
     </span>
     <span class='ocr_line' id='line_1_15' title="bbox 154 1422 1103 1502; baseline 0.003 -22"><span class='ocrx_word' id='word_1_118' title='bbox 154 1425 268 1481; x_wconf 82' lang='lat' dir='ltr'><strong>Orosius</strong></span> <span class='ocrx_word' id='word_1_119' title='bbox 289 1434 434 1483; x_wconf 86' lang='lat' dir='ltr'><strong>testantur.</strong></span> <span class='ocrx_word' id='word_1_120' title='bbox 478 1426 547 1493; x_wconf 83' lang='lat' dir='ltr'><strong>Quid</strong></span> <span class='ocrx_word' id='word_1_121' title='bbox 568 1429 655 1501; x_wconf 88' lang='lat' dir='ltr'><strong>igitur</strong></span> <span class='ocrx_word' id='word_1_122' title='bbox 674 1422 780 1501; x_wconf 87' lang='lat' dir='ltr'><strong>inpedit</strong></span> <span class='ocrx_word' id='word_1_123' title='bbox 800 1430 948 1502; x_wconf 89' lang='lat' dir='ltr'><strong>quominus</strong></span> <span class='ocrx_word' id='word_1_124' title='bbox 969 1429 1021 1484; x_wconf 92' lang='lat' dir='ltr'><strong>hoc</strong></span> <span class='ocrx_word' id='word_1_125' title='bbox 1042 1430 1103 1501; x_wconf 88' lang='lat' dir='ltr'><strong>ipso</strong></span> 
     </span>
     <span class='ocr_line' id='line_1_16' title="bbox 153 1511 1104 1586; baseline 0.002 -21"><span class='ocrx_word' id='word_1_126' title='bbox 153 1511 261 1567; x_wconf 91' lang='lat' dir='ltr'><strong>saeculo</strong></span> <span class='ocrx_word' id='word_1_127' title='bbox 278 1511 417 1569; x_wconf 84' lang='lat' dir='ltr'><strong>Octauiam</strong></span> <span class='ocrx_word' id='word_1_128' title='bbox 434 1511 564 1586; x_wconf 90' lang='lat' dir='ltr'><strong>scriptam</strong></span> <span class='ocrx_word' id='word_1_129' title='bbox 581 1529 642 1569; x_wconf 88' lang='lat' dir='ltr'><strong>esse</strong></span> <span class='ocrx_word' id='word_1_130' title='bbox 656 1512 737 1569; x_wconf 88' lang='lat' dir='ltr'><strong>nobis</strong></span> <span class='ocrx_word' id='word_1_131' title='bbox 752 1512 984 1586; x_wconf 80' lang='lat' dir='ltr'><strong>persuadeamus?</strong></span> <span class='ocrx_word' id='word_1_132' title='bbox 1011 1512 1104 1567; x_wconf 87' lang='lat' dir='ltr'><strong>Eidem</strong></span> 
     </span>
     <span class='ocr_line' id='line_1_17' title="bbox 152 1594 1104 1671; baseline 0.004 -22"><span class='ocrx_word' id='word_1_133' title='bbox 152 1606 220 1651; x_wconf 89' lang='lat' dir='ltr'><strong>uero</strong></span> <span class='ocrx_word' id='word_1_134' title='bbox 242 1594 354 1653; x_wconf 80' lang='lat' dir='ltr'><strong>saeculo</strong></span> <span class='ocrx_word' id='word_1_135' title='bbox 376 1596 498 1669; x_wconf 87' lang='lat' dir='ltr'><strong>uulgaris</strong></span> <span class='ocrx_word' id='word_1_136' title='bbox 522 1598 691 1653; x_wconf 84' lang='lat' dir='ltr'><strong>recensionis</strong></span> <span class='ocrx_word' id='word_1_137' title='bbox 712 1597 845 1671; x_wconf 83' lang='lat' dir='ltr'><strong>originem</strong></span> <span class='ocrx_word' id='word_1_138' title='bbox 868 1596 960 1652; x_wconf 87' lang='lat' dir='ltr'><strong>deberi</strong></span> <span class='ocrx_word' id='word_1_139' title='bbox 990 1597 1104 1653; x_wconf 89' lang='lat' dir='ltr'><strong>arbitra·</strong></span> 
     </span>
     <span class='ocr_line' id='line_1_18' title="bbox 152 1680 1104 1753; baseline 0.003 -20"><span class='ocrx_word' id='word_1_140' title='bbox 152 1692 221 1734; x_wconf 88' lang='lat' dir='ltr'><strong>mur.</strong></span> <span class='ocrx_word' id='word_1_141' title='bbox 266 1680 339 1747; x_wconf 89' lang='lat' dir='ltr'><strong>Quae</strong></span> <span class='ocrx_word' id='word_1_142' title='bbox 361 1689 392 1736; x_wconf 89' lang='lat' dir='ltr'><strong>ut</strong></span> <span class='ocrx_word' id='word_1_143' title='bbox 413 1689 478 1753; x_wconf 92' lang='lat' dir='ltr'><strong>post</strong></span> <span class='ocrx_word' id='word_1_144' title='bbox 497 1682 620 1737; x_wconf 86' lang='lat' dir='ltr'><strong>Laetanti</strong></span> <span class='ocrx_word' id='word_1_145' title='bbox 645 1682 691 1737; x_wconf 92' lang='lat' dir='ltr'><strong>uel</strong></span> <span class='ocrx_word' id='word_1_146' title='bbox 713 1682 792 1738; x_wconf 88' lang='lat' dir='ltr'><strong>Serui</strong></span> <span class='ocrx_word' id='word_1_147' title='bbox 814 1690 930 1738; x_wconf 86' lang='lat' dir='ltr'><strong>aetatem</strong></span> <span class='ocrx_word' id='word_1_148' title='bbox 951 1681 1022 1738; x_wconf 85' lang='lat' dir='ltr'><strong>facta</strong></span> <span class='ocrx_word' id='word_1_149' title='bbox 1043 1698 1104 1736; x_wconf 89' lang='lat' dir='ltr'><strong>esse</strong></span> 
     </span>
     <span class='ocr_line' id='line_1_19' title="bbox 152 1765 1104 1839; baseline 0.003 -21"><span class='ocrx_word' id='word_1_150' title='bbox 152 1767 263 1837; x_wconf 88' lang='lat' dir='ltr'><strong>nequit,</strong></span> <span class='ocrx_word' id='word_1_151' title='bbox 280 1765 318 1820; x_wconf 91' lang='lat' dir='ltr'><strong>ita</strong></span> <span class='ocrx_word' id='word_1_152' title='bbox 333 1766 419 1821; x_wconf 89' lang='lat' dir='ltr'><strong>multo</strong></span> <span class='ocrx_word' id='word_1_153' title='bbox 435 1774 500 1838; x_wconf 91' lang='lat' dir='ltr'><strong>post</strong></span> <span class='ocrx_word' id='word_1_154' title='bbox 515 1766 542 1821; x_wconf 94' lang='lat' dir='ltr'><strong>id</strong></span> <span class='ocrx_word' id='word_1_155' title='bbox 559 1775 666 1839; x_wconf 90' lang='lat' dir='ltr'><strong>tempus</strong></span> <span class='ocrx_word' id='word_1_156' title='bbox 682 1783 737 1839; x_wconf 93' lang='lat' dir='ltr'><strong>quo</strong></span> <span class='ocrx_word' id='word_1_157' title='bbox 753 1768 782 1822; x_wconf 88' lang='lat' dir='ltr'><em>E</em></span> <span class='ocrx_word' id='word_1_158' title='bbox 791 1768 964 1823; x_wconf 81' lang='lat' dir='ltr'><strong>recensionis</strong></span> <span class='ocrx_word' id='word_1_159' title='bbox 979 1767 1104 1839; x_wconf 83' lang='lat' dir='ltr'><strong>archety-</strong></span> 
     </span>
    </p>
   </div>
   <div class='ocr_carea' id='block_1_6' title="bbox 49 1851 1103 1923">
    <p class='ocr_par' dir='ltr' id='par_1_6' title="bbox 49 1851 1103 1923">
     <span class='ocr_line' id='line_1_20' title="bbox 49 1851 1103 1923; baseline 0.003 -20"><span class='ocrx_word' id='word_1_160' title='bbox 49 1904 50 1909; x_wconf 38' lang='lat'><strong>,</strong></span> <span class='ocrx_word' id='word_1_161' title='bbox 152 1866 204 1921; x_wconf 90' lang='lat' dir='ltr'><strong>pus</strong></span> <span class='ocrx_word' id='word_1_162' title='bbox 220 1857 345 1905; x_wconf 81' lang='lat' dir='ltr'><strong>exaratus</strong></span> <span class='ocrx_word' id='word_1_163' title='bbox 361 1851 404 1905; x_wconf 82' lang='lat' dir='ltr'><strong>est&#39;</strong></span> <span class='ocrx_word' id='word_1_164' title='bbox 426 1866 486 1907; x_wconf 91' lang='lat' dir='ltr'><strong>eam</strong></span> <span class='ocrx_word' id='word_1_165' title='bbox 501 1858 589 1906; x_wconf 89' lang='lat' dir='ltr'><strong>ortam</strong></span> <span class='ocrx_word' id='word_1_166' title='bbox 611 1868 674 1907; x_wconf 87' lang='lat' dir='ltr'><strong>esse</strong></span> <span class='ocrx_word' id='word_1_167' title='bbox 688 1851 751 1907; x_wconf 90' lang='lat' dir='ltr'><strong>inde</strong></span> <span class='ocrx_word' id='word_1_168' title='bbox 772 1852 928 1908; x_wconf 89' lang='lat' dir='ltr'><strong>necessario</strong></span> <span class='ocrx_word' id='word_1_169' title='bbox 943 1851 1103 1923; x_wconf 89' lang='lat' dir='ltr'><strong>conligitur,</strong></span> 
     </span>
    </p>
   </div>
   <div class='ocr_carea' id='block_1_7' title="bbox 151 1933 1105 3192">
    <p class='ocr_par' dir='ltr' id='par_1_7' title="bbox 151 1933 1105 3192">
     <span class='ocr_line' id='line_1_21' title="bbox 153 1933 1104 2009; baseline 0.002 -22"><span class='ocrx_word' id='word_1_170' title='bbox 153 1933 225 2006; x_wconf 91' lang='lat' dir='ltr'><strong>quod</strong></span> <span class='ocrx_word' id='word_1_171' title='bbox 241 1935 351 1991; x_wconf 85' lang='lat' dir='ltr'><strong>chartae</strong></span> <span class='ocrx_word' id='word_1_172' title='bbox 372 1934 434 1990; x_wconf 91' lang='grc'><strong>11133</strong></span> <span class='ocrx_word' id='word_1_173' title='bbox 449 1935 661 2009; x_wconf 85' lang='lat' dir='ltr'><strong>tragoediarum</strong></span> <span class='ocrx_word' id='word_1_174' title='bbox 677 1952 738 1991; x_wconf 92' lang='lat' dir='ltr'><strong>cum</strong></span> <span class='ocrx_word' id='word_1_175' title='bbox 754 1937 780 1990; x_wconf 84' lang='lat' dir='ltr'><em>A</em></span> <span class='ocrx_word' id='word_1_176' title='bbox 794 1936 921 1992; x_wconf 87' lang='lat' dir='ltr'><strong>librarius</strong></span> <span class='ocrx_word' id='word_1_177' title='bbox 942 1954 987 1991; x_wconf 90' lang='lat' dir='ltr'><strong>eas</strong></span> <span class='ocrx_word' id='word_1_178' title='bbox 1002 1936 1104 1992; x_wconf 91' lang='lat' dir='ltr'><strong>descri-</strong></span> 
     </span>
     <span class='ocr_line' id='line_1_22' title="bbox 154 2018 1103 2092; baseline 0.002 -20"><span class='ocrx_word' id='word_1_179' title='bbox 154 2018 223 2091; x_wconf 89' lang='lat' dir='ltr'><strong>psit,</strong></span> <span class='ocrx_word' id='word_1_180' title='bbox 253 2018 341 2075; x_wconf 88' lang='lat' dir='ltr'><strong>multo</strong></span> <span class='ocrx_word' id='word_1_181' title='bbox 369 2019 546 2092; x_wconf 50' lang='lat' dir='ltr'><strong>grauioribus¹</strong></span> <span class='ocrx_word' id='word_1_182' title='bbox 564 2020 670 2075; x_wconf 88' lang='lat' dir='ltr'><strong>damnis</strong></span> <span class='ocrx_word' id='word_1_183' title='bbox 695 2020 807 2076; x_wconf 84' lang='lat' dir='ltr'><strong>allectae</strong></span> <span class='ocrx_word' id='word_1_184' title='bbox 835 2028 912 2076; x_wconf 91' lang='lat' dir='ltr'><strong>eraut</strong></span> <span class='ocrx_word' id='word_1_185' title='bbox 939 2020 984 2091; x_wconf 87' lang='grc'><strong>(3.</strong></span> <span class='ocrx_word' id='word_1_186' title='bbox 1006 2018 1103 2091; x_wconf 86' lang='lat' dir='ltr'><strong>inira),</strong></span> 
     </span>
     <span class='ocr_line' id='line_1_23' title="bbox 156 2102 1105 2177; baseline 0.002 -21"><span class='ocrx_word' id='word_1_187' title='bbox 156 2119 234 2175; x_wconf 91' lang='lat' dir='ltr'><strong>quam</strong></span> <span class='ocrx_word' id='word_1_188' title='bbox 251 2103 351 2175; x_wconf 92' lang='lat' dir='ltr'><strong>quibus</strong></span> <span class='ocrx_word' id='word_1_189' title='bbox 367 2102 462 2160; x_wconf 92' lang='lat' dir='ltr'><strong>librari</strong></span> <span class='ocrx_word' id='word_1_190' title='bbox 477 2105 507 2158; x_wconf 85' lang='lat' dir='ltr'><em>E</em></span> <span class='ocrx_word' id='word_1_191' title='bbox 520 2113 609 2161; x_wconf 88' lang='lat' dir='ltr'><strong>aetate</strong></span> <span class='ocrx_word' id='word_1_192' title='bbox 625 2103 795 2161; x_wconf 79' lang='lat' dir='ltr'><strong>laborabant.</strong></span> <span class='ocrx_word' id='word_1_193' title='bbox 834 2102 923 2171; x_wconf 85' lang='lat' dir='ltr'><strong>Quare</strong></span> <span class='ocrx_word' id='word_1_194' title='bbox 939 2121 1001 2159; x_wconf 92' lang='lat' dir='ltr'><strong>cum</strong></span> <span class='ocrx_word' id='word_1_195' title='bbox 1015 2119 1105 2177; x_wconf 88' lang='lat' dir='ltr'><strong>neque</strong></span> 
     </span>
     <span class='ocr_line' id='line_1_24' title="bbox 154 2186 1103 2262; baseline 0.002 -21"><span class='ocrx_word' id='word_1_196' title='bbox 154 2195 216 2258; x_wconf 88' lang='lat' dir='ltr'><strong>post</strong></span> <span class='ocrx_word' id='word_1_197' title='bbox 237 2195 342 2243; x_wconf 84' lang='lat' dir='ltr'><strong>sextum</strong></span> <span class='ocrx_word' id='word_1_198' title='bbox 365 2186 409 2243; x_wconf 90' lang='lat' dir='ltr'><strong>uel</strong></span> <span class='ocrx_word' id='word_1_199' title='bbox 431 2192 524 2262; x_wconf 91' lang='lat' dir='ltr'><strong>potius</strong></span> <span class='ocrx_word' id='word_1_200' title='bbox 547 2190 690 2262; x_wconf 87' lang='lat' dir='ltr'><strong>quintum,</strong></span> <span class='ocrx_word' id='word_1_201' title='bbox 723 2206 813 2262; x_wconf 91' lang='lat' dir='ltr'><strong>neque</strong></span> <span class='ocrx_word' id='word_1_202' title='bbox 834 2198 897 2245; x_wconf 90' lang='lat' dir='ltr'><strong>ante</strong></span> <span class='ocrx_word' id='word_1_203' title='bbox 919 2189 1034 2244; x_wconf 91' lang='lat' dir='ltr'><strong>alterum</strong></span> <span class='ocrx_word' id='word_1_204' title='bbox 1056 2187 1103 2243; x_wconf 89' lang='lat' dir='ltr'><strong>sed</strong></span> 
     </span>
     <span class='ocr_line' id='line_1_25' title="bbox 155 2271 1105 2347; baseline 0 -20"><span class='ocrx_word' id='word_1_205' title='bbox 155 2271 291 2344; x_wconf 87' lang='lat' dir='ltr'><strong>aliquanto</strong></span> <span class='ocrx_word' id='word_1_206' title='bbox 305 2272 451 2347; x_wconf 76' lang='lat' dir='ltr'><strong>postfacto</strong></span> <span class='ocrx_word' id='word_1_207' title='bbox 468 2289 529 2329; x_wconf 91' lang='lat' dir='ltr'><strong>csse</strong></span> <span class='ocrx_word' id='word_1_208' title='bbox 544 2290 599 2330; x_wconf 89' lang='lat' dir='ltr'><strong>non</strong></span> <span class='ocrx_word' id='word_1_209' title='bbox 612 2275 702 2347; x_wconf 86' lang='lat' dir='ltr'><strong>possit</strong></span> <span class='ocrx_word' id='word_1_210' title='bbox 712 2290 767 2328; x_wconf 91' lang='lat' dir='ltr'><strong>non</strong></span> <span class='ocrx_word' id='word_1_211' title='bbox 781 2274 862 2335; x_wconf 90' lang='lat' dir='ltr'><strong>credi,</strong></span> <span class='ocrx_word' id='word_1_212' title='bbox 879 2283 977 2345; x_wconf 89' lang='lat' dir='ltr'><strong>quarto</strong></span> <span class='ocrx_word' id='word_1_213' title='bbox 994 2273 1105 2328; x_wconf 87' lang='lat' dir='ltr'><strong>uidetur</strong></span> 
     </span>
     <span class='ocr_line' id='line_1_26' title="bbox 154 2355 1104 2431; baseline 0.003 -22"><span class='ocrx_word' id='word_1_214' title='bbox 154 2355 297 2412; x_wconf 90' lang='lat' dir='ltr'><strong>tribuenda</strong></span> <span class='ocrx_word' id='word_1_215' title='bbox 313 2374 374 2414; x_wconf 90' lang='lat' dir='ltr'><strong>esse</strong></span> <span class='ocrx_word' id='word_1_216' title='bbox 390 2358 515 2421; x_wconf 86' lang='lat' dir='ltr'><strong>saeculo,</strong></span> <span class='ocrx_word' id='word_1_217' title='bbox 542 2375 597 2431; x_wconf 93' lang='lat' dir='ltr'><strong>quo</strong></span> <span class='ocrx_word' id='word_1_218' title='bbox 619 2360 681 2429; x_wconf 92' lang='lat' dir='ltr'><strong>ipso</strong></span> <span class='ocrx_word' id='word_1_219' title='bbox 697 2358 815 2415; x_wconf 86' lang='lat' dir='ltr'><strong>Senecae</strong></span> <span class='ocrx_word' id='word_1_220' title='bbox 830 2357 988 2431; x_wconf 85' lang='lat' dir='ltr'><strong>philosophi</strong></span> <span class='ocrx_word' id='word_1_221' title='bbox 1010 2365 1104 2413; x_wconf 94' lang='lat' dir='ltr'><strong>aucto·</strong></span> 
     </span>
     <span class='ocr_line' id='line_1_27' title="bbox 155 2439 1104 2515; baseline 0.003 -22"><span class='ocrx_word' id='word_1_222' title='bbox 155 2439 262 2495; x_wconf 90' lang='lat' dir='ltr'><strong>ritatem</strong></span> <span class='ocrx_word' id='word_1_223' title='bbox 284 2458 335 2515; x_wconf 93' lang='lat' dir='ltr'><strong>per</strong></span> <span class='ocrx_word' id='word_1_224' title='bbox 349 2442 519 2498; x_wconf 89' lang='lat' dir='ltr'><strong>Lactantium</strong></span> <span class='ocrx_word' id='word_1_225' title='bbox 535 2442 730 2515; x_wconf 81' lang='lat' dir='ltr'><strong>Hieronymum</strong></span> <span class='ocrx_word' id='word_1_226' title='bbox 745 2444 928 2515; x_wconf 83' lang='lat' dir='ltr'><strong>Augustinum</strong></span> <span class='ocrx_word' id='word_1_227' title='bbox 947 2444 1104 2497; x_wconf 87' lang='lat' dir='ltr'><strong>restitutam</strong></span> 
     </span>
     <span class='ocr_line' id='line_1_28' title="bbox 158 2526 1105 2599; baseline 0.003 -23"><span class='ocrx_word' id='word_1_228' title='bbox 158 2538 217 2577; x_wconf 89' lang='lat' dir='ltr'><strong>esse</strong></span> <span class='ocrx_word' id='word_1_229' title='bbox 236 2533 351 2583; x_wconf 85' lang='lat' dir='ltr'><strong>constat.</strong></span> <span class='ocrx_word' id='word_1_230' title='bbox 391 2526 492 2595; x_wconf 83' lang='lat' dir='ltr'><strong>Quodsi</strong></span> <span class='ocrx_word' id='word_1_231' title='bbox 509 2527 622 2592; x_wconf 81' lang='lat' dir='ltr'><strong>Octauia</strong></span> <span class='ocrx_word' id='word_1_232' title='bbox 636 2527 719 2599; x_wconf 92' lang='lat' dir='ltr'><strong>paulo</strong></span> <span class='ocrx_word' id='word_1_233' title='bbox 742 2526 992 2583; x_wconf 87' lang='lat' dir='ltr'><strong>anterecensionis</strong></span> <span class='ocrx_word' id='word_1_234' title='bbox 1007 2526 1105 2597; x_wconf 87' lang='lat' dir='ltr'><strong>uolga-</strong></span> 
     </span>
     <span class='ocr_line' id='line_1_29' title="bbox 155 2608 1105 2684; baseline 0.004 -24"><span class='ocrx_word' id='word_1_235' title='bbox 155 2608 194 2661; x_wconf 90' lang='lat' dir='ltr'><strong>ris</strong></span> <span class='ocrx_word' id='word_1_236' title='bbox 211 2610 341 2681; x_wconf 82' lang='lat' dir='ltr'><strong>originem</strong></span> <span class='ocrx_word' id='word_1_237' title='bbox 358 2612 500 2684; x_wconf 89' lang='lat' dir='ltr'><strong>conposita</strong></span> <span class='ocrx_word' id='word_1_238' title='bbox 523 2621 579 2674; x_wconf 87' lang='grc'><strong>311,</strong></span> <span class='ocrx_word' id='word_1_239' title='bbox 607 2611 702 2684; x_wconf 93' lang='lat' dir='ltr'><strong>quidni</strong></span> <span class='ocrx_word' id='word_1_240' title='bbox 725 2611 798 2668; x_wconf 90' lang='lat' dir='ltr'><strong>illam</strong></span> <span class='ocrx_word' id='word_1_241' title='bbox 821 2612 854 2667; x_wconf 85' lang='lat' dir='ltr'><strong>ab</strong></span> <span class='ocrx_word' id='word_1_242' title='bbox 876 2611 956 2666; x_wconf 88' lang='lat' dir='ltr'><strong>initio</strong></span> <span class='ocrx_word' id='word_1_243' title='bbox 972 2628 1033 2667; x_wconf 92' lang='lat' dir='ltr'><strong>cum</strong></span> <span class='ocrx_word' id='word_1_244' title='bbox 1053 2610 1105 2665; x_wconf 89' lang='lat' dir='ltr'><strong>bac</strong></span> 
     </span>
     <span class='ocr_line' id='line_1_30' title="bbox 153 2692 1104 2770; baseline 0.002 -24"><span class='ocrx_word' id='word_1_245' title='bbox 153 2692 289 2749; x_wconf 90' lang='lat' dir='ltr'><strong>coaluisse</strong></span> <span class='ocrx_word' id='word_1_246' title='bbox 310 2695 456 2767; x_wconf 79' lang='lat' dir='ltr'><strong>putemus?</strong></span> <span class='ocrx_word' id='word_1_247' title='bbox 491 2695 575 2751; x_wconf 90' lang='lat' dir='ltr'><strong>lmmo</strong></span> <span class='ocrx_word' id='word_1_248' title='bbox 597 2696 666 2751; x_wconf 91' lang='lat' dir='ltr'><strong>baec</strong></span> <span class='ocrx_word' id='word_1_249' title='bbox 689 2696 782 2770; x_wconf 90' lang='lat' dir='ltr'><strong>opinio</strong></span> <span class='ocrx_word' id='word_1_250' title='bbox 806 2712 837 2751; x_wconf 88' lang='lat' dir='ltr'><strong>ea</strong></span> <span class='ocrx_word' id='word_1_251' title='bbox 858 2712 969 2751; x_wconf 89' lang='lat' dir='ltr'><strong>recum</strong></span> <span class='ocrx_word' id='word_1_252' title='bbox 991 2696 1104 2751; x_wconf 78' lang='lat' dir='ltr'><strong>maxime</strong></span> 
     </span>
     <span class='ocr_line' id='line_1_31' title="bbox 152 2778 1104 2853; baseline 0.002 -22"><span class='ocrx_word' id='word_1_253' title='bbox 152 2778 354 2851; x_wconf 86' lang='lat' dir='ltr'><strong>conprobatur,</strong></span> <span class='ocrx_word' id='word_1_254' title='bbox 385 2779 459 2852; x_wconf 90' lang='lat' dir='ltr'><strong>quod</strong></span> <span class='ocrx_word' id='word_1_255' title='bbox 486 2797 518 2835; x_wconf 82' lang='lat' dir='ltr'><strong>es</strong></span> <span class='ocrx_word' id='word_1_256' title='bbox 544 2780 671 2835; x_wconf 87' lang='lat' dir='ltr'><strong>omuibus</strong></span> <span class='ocrx_word' id='word_1_257' title='bbox 697 2796 814 2853; x_wconf 92' lang='lat' dir='ltr'><strong>quorum</strong></span> <span class='ocrx_word' id='word_1_258' title='bbox 842 2779 952 2852; x_wconf 92' lang='lat' dir='ltr'><strong>quidem</strong></span> <span class='ocrx_word' id='word_1_259' title='bbox 978 2780 1104 2834; x_wconf 89' lang='lat' dir='ltr'><strong>notitiam</strong></span> 
     </span>
     <span class='ocr_line' id='line_1_32' title="bbox 152 2860 1104 2937; baseline 0.004 -23"><span class='ocrx_word' id='word_1_260' title='bbox 152 2860 283 2918; x_wconf 89' lang='lat' dir='ltr'><strong>babemus</strong></span> <span class='ocrx_word' id='word_1_261' title='bbox 306 2862 350 2935; x_wconf 94' lang='lat' dir='ltr'><strong>(et</strong></span> <span class='ocrx_word' id='word_1_262' title='bbox 369 2878 518 2937; x_wconf 84' lang='lat' dir='ltr'><strong>permagna</strong></span> <span class='ocrx_word' id='word_1_263' title='bbox 540 2872 583 2919; x_wconf 87' lang='lat' dir='ltr'><strong>est</strong></span> <span class='ocrx_word' id='word_1_264' title='bbox 606 2863 702 2937; x_wconf 85' lang='lat' dir='ltr'><strong>copia)</strong></span> <span class='ocrx_word' id='word_1_265' title='bbox 724 2864 894 2921; x_wconf 82' lang='lat' dir='ltr'><strong>recensionis</strong></span> <span class='ocrx_word' id='word_1_266' title='bbox 916 2864 942 2917; x_wconf 84' lang='lat' dir='ltr'><em>A</em></span> <span class='ocrx_word' id='word_1_267' title='bbox 964 2862 1104 2920; x_wconf 89' lang='lat' dir='ltr'><strong>codicibus</strong></span> 
     </span>
     <span class='ocr_line' id='line_1_33' title="bbox 154 2947 1103 3021; baseline 0.005 -22"><span class='ocrx_word' id='word_1_268' title='bbox 154 2960 187 3000; x_wconf 88' lang='lat' dir='ltr'><strong>ue</strong></span> <span class='ocrx_word' id='word_1_269' title='bbox 208 2963 279 3002; x_wconf 81' lang='lat' dir='ltr'><strong>uirus</strong></span> <span class='ocrx_word' id='word_1_270' title='bbox 302 2947 411 3021; x_wconf 89' lang='lat' dir='ltr'><strong>quidem</strong></span> <span class='ocrx_word' id='word_1_271' title='bbox 432 2956 573 3021; x_wconf 83' lang='lat' dir='ltr'><strong>praetexta</strong></span> <span class='ocrx_word' id='word_1_272' title='bbox 595 2957 670 3003; x_wconf 92' lang='lat' dir='ltr'><strong>caret</strong></span> <span class='ocrx_word' id='word_1_273' title='bbox 692 2956 719 3004; x_wconf 89' lang='lat' dir='ltr'><strong>et</strong></span> <span class='ocrx_word' id='word_1_274' title='bbox 735 2966 830 3005; x_wconf 90' lang='lat' dir='ltr'><strong>omues</strong></span> <span class='ocrx_word' id='word_1_275' title='bbox 856 2964 914 3004; x_wconf 89' lang='lat' dir='ltr'><strong>eam</strong></span> <span class='ocrx_word' id='word_1_276' title='bbox 929 2964 983 3004; x_wconf 91' lang='lat' dir='ltr'><strong>non</strong></span> <span class='ocrx_word' id='word_1_277' title='bbox 1007 2948 1103 3004; x_wconf 91' lang='lat' dir='ltr'><strong>ultimo</strong></span> 
     </span>
     <span class='ocr_line' id='line_1_34' title="bbox 154 3030 1104 3108; baseline 0.003 -24"><span class='ocrx_word' id='word_1_278' title='bbox 154 3030 200 3085; x_wconf 91' lang='lat' dir='ltr'><strong>scd</strong></span> <span class='ocrx_word' id='word_1_279' title='bbox 216 3030 383 3103; x_wconf 90' lang='lat' dir='ltr'><strong>paenultimo</strong></span> <span class='ocrx_word' id='word_1_280' title='bbox 406 3032 466 3089; x_wconf 91' lang='lat' dir='ltr'><strong>loco</strong></span> <span class='ocrx_word' id='word_1_281' title='bbox 488 3033 596 3089; x_wconf 89' lang='lat' dir='ltr'><strong>habent.</strong></span> <span class='ocrx_word' id='word_1_282' title='bbox 629 3031 708 3099; x_wconf 89' lang='lat' dir='ltr'><strong>Quod</strong></span> <span class='ocrx_word' id='word_1_283' title='bbox 723 3051 779 3108; x_wconf 93' lang='lat' dir='ltr'><strong>quo</strong></span> <span class='ocrx_word' id='word_1_284' title='bbox 800 3041 882 3107; x_wconf 91' lang='lat' dir='ltr'><strong>pacto</strong></span> <span class='ocrx_word' id='word_1_285' title='bbox 897 3032 957 3088; x_wconf 85' lang='lat' dir='ltr'><strong>lieri</strong></span> <span class='ocrx_word' id='word_1_286' title='bbox 979 3032 1104 3106; x_wconf 87' lang='lat' dir='ltr'><strong>potuisse</strong></span> 
     </span>
     <span class='ocr_line' id='line_1_35' title="bbox 151 3114 1103 3192; baseline 0.002 -22"><span class='ocrx_word' id='word_1_287' title='bbox 151 3114 246 3171; x_wconf 90' lang='lat' dir='ltr'><strong>credes</strong></span> <span class='ocrx_word' id='word_1_288' title='bbox 268 3118 321 3171; x_wconf 89' lang='lat' dir='ltr'><strong>nisi</strong></span> <span class='ocrx_word' id='word_1_289' title='bbox 348 3114 381 3171; x_wconf 95' lang='lat' dir='ltr'><strong>ab</strong></span> <span class='ocrx_word' id='word_1_290' title='bbox 402 3134 435 3173; x_wconf 92' lang='grc'><strong>33</strong></span> <span class='ocrx_word' id='word_1_291' title='bbox 458 3119 503 3192; x_wconf 94' lang='lat' dir='ltr'><strong>qui</strong></span> <span class='ocrx_word' id='word_1_292' title='bbox 528 3118 708 3191; x_wconf 79' lang='lat' dir='ltr'><strong>archetypum</strong></span> <span class='ocrx_word' id='word_1_293' title='bbox 728 3118 861 3175; x_wconf 89' lang='lat' dir='ltr'><strong>librorum</strong></span> <span class='ocrx_word' id='word_1_294' title='bbox 883 3117 1053 3175; x_wconf 89' lang='lat' dir='ltr'><strong>recensionis</strong></span> <span class='ocrx_word' id='word_1_295' title='bbox 1078 3118 1103 3173; x_wconf 84' lang='lat' dir='ltr'><em>A</em></span> 
     </span>
    </p>
   </div>
   <div class='ocr_carea' id='block_1_8' title="bbox 156 3254 358 3263">
    <p class='ocr_par' dir='ltr' id='par_1_8' title="bbox 156 3254 358 3263">
     <span class='ocr_line' id='line_1_36' title="bbox 156 3254 358 3263; baseline 0.01 -2"><span class='ocrx_word' id='word_1_296' title='bbox 156 3254 358 3263; x_wconf 77' lang='lat'><strong>——-----</strong></span> 
     </span>
    </p>
   </div>
   <div class='ocr_carea' id='block_1_9' title="bbox 149 3324 1104 3535">
    <p class='ocr_par' dir='ltr' id='par_1_9' title="bbox 149 3324 1104 3535">
     <span class='ocr_line' id='line_1_37' title="bbox 150 3324 1104 3397; baseline 0 -18"><span class='ocrx_word' id='word_1_297' title='bbox 150 3330 176 3382; x_wconf 83' lang='grc'><strong>6.</strong></span> <span class='ocrx_word' id='word_1_298' title='bbox 194 3333 235 3381; x_wconf 83' lang='grc'><strong>20.</strong></span> <span class='ocrx_word' id='word_1_299' title='bbox 271 3333 305 3381; x_wconf 93' lang='lat' dir='ltr'><strong>In</strong></span> <span class='ocrx_word' id='word_1_300' title='bbox 323 3336 444 3383; x_wconf 80' lang='lat' dir='ltr'><strong>aetatum</strong></span> <span class='ocrx_word' id='word_1_301' title='bbox 461 3333 649 3397; x_wconf 82' lang='lat' dir='ltr'><strong>descriptione</strong></span> <span class='ocrx_word' id='word_1_302' title='bbox 666 3333 780 3383; x_wconf 80' lang='lat' dir='ltr'><strong>Boetius</strong></span> <span class='ocrx_word' id='word_1_303' title='bbox 799 3330 889 3397; x_wconf 82' lang='lat'>(115)</span> <span class='ocrx_word' id='word_1_304' title='bbox 907 3348 962 3383; x_wconf 88' lang='lat' dir='ltr'><strong>non</strong></span> <span class='ocrx_word' id='word_1_305' title='bbox 980 3324 1104 3395; x_wconf 83' lang='lat' dir='ltr'><strong>sequitur</strong></span> 
     </span>
     <span class='ocr_line' id='line_1_38' title="bbox 151 3396 1099 3465; baseline 0.003 -19"><span class='ocrx_word' id='word_1_306' title='bbox 151 3396 214 3447; x_wconf 84' lang='lat' dir='ltr'><strong>Oct.</strong></span> <span class='ocrx_word' id='word_1_307' title='bbox 229 3400 279 3449; x_wconf 78' lang='lat'><strong>408</strong></span> <span class='ocrx_word' id='word_1_308' title='bbox 294 3414 352 3464; x_wconf 87' lang='lat' dir='ltr'><strong>sqq.</strong></span> <span class='ocrx_word' id='word_1_309' title='bbox 371 3401 420 3450; x_wconf 87' lang='lat' dir='ltr'><strong>sed</strong></span> <span class='ocrx_word' id='word_1_310' title='bbox 437 3400 517 3451; x_wconf 89' lang='lat' dir='ltr'><strong>Ouid.</strong></span> <span class='ocrx_word' id='word_1_311' title='bbox 535 3402 571 3453; x_wconf 89' lang='lat' dir='ltr'><strong>M.</strong></span> <span class='ocrx_word' id='word_1_312' title='bbox 589 3399 648 3451; x_wconf 82' lang='lat'><strong>189</strong></span> <span class='ocrx_word' id='word_1_313' title='bbox 660 3415 718 3465; x_wconf 91' lang='lat' dir='ltr'><strong>sqq.</strong></span> <span class='ocrx_word' id='word_1_314' title='bbox 738 3405 766 3450; x_wconf 86' lang='grc'><strong>31</strong></span> <span class='ocrx_word' id='word_1_315' title='bbox 783 3400 845 3451; x_wconf 81' lang='lat' dir='ltr'><strong>Seu.</strong></span> <span class='ocrx_word' id='word_1_316' title='bbox 859 3400 963 3453; x_wconf 86' lang='lat' dir='ltr'><strong>Phaed.</strong></span> <span class='ocrx_word' id='word_1_317' title='bbox 977 3401 1027 3449; x_wconf 79' lang='lat'><strong>533</strong></span> <span class='ocrx_word' id='word_1_318' title='bbox 1039 3413 1099 3461; x_wconf 85' lang='lat' dir='ltr'><strong>sqq.</strong></span> 
     </span>
     <span class='ocr_line' id='line_1_39' title="bbox 149 3464 655 3535; baseline 0.006 -21"><span class='ocrx_word' id='word_1_319' title='bbox 149 3465 195 3515; x_wconf 92' lang='lat' dir='ltr'><strong>De</strong></span> <span class='ocrx_word' id='word_1_320' title='bbox 209 3464 365 3517; x_wconf 85' lang='lat' dir='ltr'><strong>Claudiano</strong></span> <span class='ocrx_word' id='word_1_321' title='bbox 377 3484 403 3523; x_wconf 89' lang='lat' dir='ltr'><strong>u,</strong></span> <span class='ocrx_word' id='word_1_322' title='bbox 416 3472 472 3523; x_wconf 84' lang='lat' dir='ltr'><strong>not.</strong></span> <span class='ocrx_word' id='word_1_323' title='bbox 487 3469 523 3520; x_wconf 86' lang='lat' dir='ltr'><strong>ed</strong></span> <span class='ocrx_word' id='word_1_324' title='bbox 536 3486 564 3535; x_wconf 89' lang='lat' dir='ltr'><strong>p,</strong></span> <span class='ocrx_word' id='word_1_325' title='bbox 576 3482 655 3519; x_wconf 87' lang='lat' dir='ltr'><strong>v1111.</strong></span> 
     </span>
    </p>
   </div>
   <div class='ocr_carea' id='block_1_10' title="bbox 0 0 1280 3917">
    <p class='ocr_par' dir='ltr' id='par_1_10' title="bbox 0 0 1280 3917">
     <span class='ocr_line' id='line_1_40' title="bbox 0 0 1280 3917; baseline 0 0"><span class='ocrx_word' id='word_1_326' title='bbox 0 0 1280 3917; x_wconf 95' lang='lat' dir='ltr'><strong> </strong></span> 
     </span>
    </p>
   </div>
  </div>
 </body>
</html>
