2550 3917
532 229 698 276 rutubus
1016 216 1077 279 155

159 368 277 445 reponit
291 367 409 426 auimul
431 385 518 446 quam
534 367 612 428 bene
627 369 793 429 excideram
811 369 891 428 mibi.
918 403 952 412 -

159 465 252 510 surr.
269 469 323 512 cur
340 450 425 512 dulce
441 469 549 512 munus
563 453 697 513 redditae
713 453 787 513 lueis
802 453 896 531 sugis?

158 551 214 596 PH.
232 537 327 597 aude
342 537 462 597 anime
478 544 597 615 templa.
628 556 737 616 perage
753 538 922 599 mandatum
940 548 1032 599 tuum.
1094 547 1145 596 600

157 621 305 698 intrepida
321 628 458 682 constent
472 620 579 682 uerba:
603 623 654 699 qui
669 623 771 682 timide
786 630 871 702 rogat

159 705 247 766 docet
262 697 381 782 nega're.
790 746 794 752 -

121 788 149 848 α’
407 791 513 867 blagna
529 809 599 868 pars
613 791 735 852 sceleris
752 794 809 853 mei

158 875 228 934 olim
244 882 363 953 peracta
380 883 439 936 est:
463 894 549 936 serus
564 883 609 935 est
623 877 709 937 nobis
726 876 838 954 pudor:

158 962 323 1021 amauimus
338 960 479 1020 nclauda:
503 963 528 1018 si
543 969 647 1038 coepta
664 979 823 1040 exsequor,

157 1045 261 1105 forsan
275 1044 366 1121 iugali
382 1045 494 1104 crimen
510 1045 690 1106 abscondam
705 1048 779 1106 lace.
1094 1052 1143 1102 605

158 1129 285 1189 honesta
301 1129 446 1207 quaedam
461 1129 574 1190 scelera
591 1147 748 1190 successus
763 1130 841 1190 lacit.

117 1211 156 1270 a''
207 1213 257 1272 En
274 1215 398 1292 incipe
413 1215 540 1274 anime.
557 1249 596 1259 -
619 1215 790 1275 commodes
806 1213 924 1290 paulum
941 1232 1048 1293 precor

163 1304 298 1360 secretus
312 1316 408 1358 aures,
438 1301 462 1358 si
479 1300 544 1376 quis
560 1306 605 1359 est
619 1298 704 1360 abeat
721 1318 830 1360 comes.

157 1396 252 1443 1111212.
271 1399 307 1442 en
323 1382 407 1442 lucus
421 1383 459 1443 ab
476 1385 557 1442 umni
572 1382 649 1443 liber
665 1382 786 1444 arbitrio
803 1393 896 1444 uacat.

156 1481 216 1526 ΡΗ.
233 1467 284 1528 sed
301 1485 352 1527 cra
369 1469 481 1545 coeptis
498 1469 652 1528 transitum
669 1467 771 1528 uerbis
787 1476 904 1545 negant.
1092 1475 1143 1525 610

161 1554 209 1612 uis
224 1569 329 1629 magna
345 1569 450 1611 uocem
467 1553 574 1611 emittit
588 1559 617 1612 at.
632 1554 728 1613 maior
744 1560 833 1613 tenet.

119 1645 138 1693 b
203 1635 262 1696 Vcs
276 1643 370 1696 testor
385 1654 490 1697 omues
504 1635 641 1705 caelites,
659 1637 717 1698 hoc
733 1638 811 1715 qund
828 1637 897 1698 uolo
917 1672 951 1682 —
1028 1701 1032 1712 ,

158 1720 222 1801 [me
235 1719 330 1800 nolle]

158 1819 252 1864 fflPP.
269 1807 424 1865 animusne
440 1805 561 1883 cupiens
576 1805 687 1884 aliquid
704 1807 786 1866 efferi
803 1808 922 1885 nequit?

157 1903 216 1949 PH.
232 1908 322 1950 curae
337 1889 419 1950 leues
434 1890 596 1968 loquuntur
611 1892 748 1966 ingentes
763 1899 891 1968 stupent.
1093 1897 1143 1946 615

158 1988 252 2033 mer.
269 1975 410 2034 conmitte
426 1991 513 2034 curas
528 1974 651 2036 auribus
668 1984 786 2036 mater
802 1976 885 2038 meis.

117 2055 146 2114 h'
200 2073 257 2119 ΡΗ.
280 2059 408 2119 Matris
423 2058 586 2136 superbum
603 2068 648 2118 est
663 2077 771 2119 numen
785 2067 813 2119 et
825 2059 947 2120 nimium
960 2068 1074 2138 putens,

159 2151 278 2204 nestros
292 2143 434 2202 humilius
448 2161 557 2203 nomen
573 2143 695 2202 allectus
712 2143 804 2204 decet.

158 2247 207 2288 me
222 2226 271 2288 uel
286 2244 420 2288 sororem
435 2226 592 2306 Hippolyte
608 2227 655 2288 uel
670 2227 809 2289 lamulam
825 2247 898 2290 unca

159 2311 359 2389 famulamque
374 2313 489 2388 potius:
513 2329 601 2372 omne
615 2313 769 2373 seruitium
786 2315 889 2374 leram.
1092 2319 1143 2368 620

124 2421 140 2451 e
201 2397 267 2456 Nun
283 2414 330 2456 me
346 2414 400 2473 per
415 2394 488 2455 altas
504 2397 548 2455 ire
561 2399 587 2456 si
602 2397 706 2458 iubeas
722 2399 806 2458 niues

160 2483 258 2560 pigeat
271 2480 376 2556 gelatis
391 2481 507 2556 ingredi
521 2481 607 2540 Pindi
621 2483 712 2558 iugis,
1051 2495 1074 2540 r,
1085 2493 1177 2536 cxxvr

159 2585 218 2626 nun
235 2567 258 2626 si
274 2584 329 2644 per
345 2567 427 2642 ignes
442 2567 487 2624 ire
503 2573 532 2624 et
547 2568 651 2627 inlesta
669 2566 783 2642 agmina

159 2652 409 2726 cuncter-paratis
424 2649 545 2711 ensibus
561 2659 665 2726 pectus
681 2651 762 2712 dare.

19 2696 21 2815 l
159 2735 1037 2813 mandatarecipesceplra,melamulamaccipe:
1093 2737 1142 2794 625

161 2817 219 2898 [Te
233 2822 363 2895 imperia
378 2838 499 2894 repere,
518 2838 564 2879 me
578 2823 664 2881 decet
678 2824 761 2881 iussu
775 2819 926 2899 exsequi]

128 2899 149 2957 e'
203 2903 346 2964 Muliebre
362 2921 421 2962 non
437 2910 482 2963 est
496 2921 586 2980 regna
603 2906 692 2964 tutari
708 2908 808 2964 uirum

158 2995 191 3047 tu
206 2990 255 3065 qui
270 2988 409 3048 iuuentae
424 2988 497 3047 llere
512 2989 665 3066 primaeuo
681 2991 766 3066 uiges

227 3243 277 3292 ses
296 3242 375 3290 rer.
393 3242 443 3305 ru
461 3257 506 3292 om.
524 3243 550 3290 A
566 3238 578 3307 p
598 3245 648 3292 cm
666 3243 800 3292 Punuu.
820 3243 870 3304 Eu
888 3259 934 3292 om.
954 3243 978 3290 A
996 3239 1007 3307 p
1025 3243 1076 3294 ecc

159 3324 213 3358 uon
230 3309 287 3359 iste
304 3309 331 3359 E
348 3309 466 3359 honesta
484 3310 509 3358 A
520 3305 534 3374 ss
545 3311 595 3360 608
612 3315 736 3360 secretas
753 3311 779 3358 Ε
790 3308 801 3374 Η
817 3311 865 3360 611
886 3314 914 3359 et
927 3310 975 3371 Εψ
993 3315 1023 3359 et
1036 3327 1055 3360 α
1066 3307 1075 3377 ll

159 3377 208 3426 613
225 3392 269 3426 me
287 3376 362 3426 nolle
380 3377 447 3426 EM
464 3379 514 3426 duo
532 3378 599 3426 Pau.
617 3387 641 3440 ψ
661 3394 706 3429 οηι,
727 3380 750 3427 Α
764 3375 775 3443 Η
787 3379 837 3426 626
855 3378 904 3426 del.
923 3379 989 3428 RJ’.
1002 3375 1013 3442 ll
1025 3381 1076 3429 627

159 3445 245 3493 tutari
257 3445 346 3508 patris
360 3445 383 3493 A
396 3449 487 3494 tutare
500 3445 608 3494 urbium
621 3445 710 3509 Eme
727 3446 812 3494 tutari
824 3445 922 3494 uirum
934 3450 975 3494 uir
988 3447 1076 3496 doetus

158 3513 299 3575 adscripsit
315 3515 399 3562 codici
419 3514 545 3562 Voseiunu
557 3508 569 3577 Η
599 3506 604 3513 ’
