2550 3917
179 171 242 236 346
568 185 711 234 iucnnnt

180 344 253 405 quos
269 332 400 386 secretae
415 325 546 386 lacerant
562 344 662 387 cunae.

177 412 261 471 iuuat
275 412 305 470 in
321 411 448 471 medium
466 411 575 471 deflere
590 429 668 473 suns,

178 513 234 556 nec
247 499 281 555 'tu
298 497 432 574 quamuis
448 495 521 556 duna
537 498 642 573 uirago

179 583 354 659 patiensque
370 579 438 640 mali

179 666 289 742 puteris
305 672 399 725 tantas
413 664 486 726 llere
501 666 612 726 ruinas,

143 844 160 893 d
221 833 297 894 Non
314 852 406 913 quae
422 852 516 895 uerno
531 833 641 895 mobile
657 852 777 895 carmen

177 936 261 979 ranan
276 926 374 979 cantat
387 920 480 979 tristis
495 920 589 979 aedon

177 1003 241 1080 ltyn
257 1003 287 1062 in
304 1005 403 1063 uarios
418 1003 566 1064 modulata
581 1022 686 1074 sonos,

178 1104 248 1146 non
266 1105 358 1164 quae
373 1091 456 1148 tectis
471 1088 596 1149 bistonls
612 1088 673 1150 ales

177 1171 310 1231 residens
326 1174 449 1233 summis

177 1257 254 1332 inpia
271 1255 326 1316 dini
344 1256 421 1317 turta
438 1258 535 1318 mariti

177 1339 294 1417 garrula
311 1349 409 1401 narrat
426 1340 528 1418 lugere
543 1349 623 1402 tuam

176 1426 288 1504 poterit.
304 1425 391 1503 digne
408 1435 566 1502 conquesta
583 1425 715 1487 domum.

142 1597 167 1653 d'
219 1593 322 1654 Licet
337 1595 399 1671 ipse
415 1593 487 1654 uelit

177 1677 276 1739 clarus
292 1680 396 1738 niueos
410 1679 488 1737 inter
504 1677 602 1739 olores

175 1763 307 1824 Histrum
325 1780 435 1843 cycnus
450 1762 625 1842 Tanainque
642 1761 742 1824 colens

176 1854 306 1907 extrema
323 1846 404 1925 loqui

175 1932 267 1992 licet
283 1931 420 2011 alcyones
436 1931 528 2011 Ceyca
545 1949 630 1992 suum

175 2016 266 2076 fluctu
282 2016 388 2077 leuiter
403 2015 562 2094 plangente
578 2023 703 2086 sonent,

176 2119 242 2161 cum
258 2099 416 2178 tranquillo
432 2099 509 2160 male
525 2102 654 2162 conlisae

174 2184 300 2245 credunt
313 2186 420 2245 iterum
436 2184 540 2264 pelago
557 2186 697 2246 audaces:

176 2269 329 2350 [fetusque
342 2287 412 2331 suos

174 2357 247 2415 nido
255 2357 396 2430 punicae
410 2357 558 2416 titubante
567 2352 705 2435 fouent.]

141 2523 165 2582 α’
217 2523 283 2582 Non
299 2524 324 2582 si
339 2521 443 2582 molles
458 2523 567 2584 imitata
583 2525 664 2584 uires

174 2608 267 2666 tristis
282 2606 393 2668 laceret
407 2607 546 2670 bracchia
561 2615 660 2670 tecum

175 2711 249 2771 quae
265 2694 389 2752 turritae
403 2693 490 2754 turba
506 2696 621 2773 parenti

174 2787 295 2855 pectora
310 2795 402 2838 rauco
418 2780 530 2837 concita
547 2777 625 2838 buxo

175 2862 246 2921 lunit
260 2869 292 2922 ut.
307 2862 463 2941 phrygium
478 2861 578 2941 lugeat
592 2864 687 2934 Attin,

244 3083 293 3132 702
311 3085 407 3130 noctu
423 3081 448 3131 Ε
467 3097 518 3132 nec
538 3081 610 3130 enim
629 3081 654 3130 A
676 3077 687 3148 Η
709 3083 759 3132 704
778 3082 862 3132 ferre
881 3084 913 3132 ci.
934 3083 987 3134 GR.
1008 3078 1020 3147 ΙΙ
1045 3084 1096 3134 706
1157 3091 1161 3097 “

174 3149 276 3198 mobile
296 3149 321 3198 E
339 3149 432 3199 nobile
452 3150 476 3198 A
500 3145 512 3214 {l
535 3151 585 3200 706
603 3149 700 3199 aedom
718 3149 743 3198 E
766 3149 855 3200 aedon
874 3151 899 3199 A
924 3150 1060 3213 edonis&
1081 3151 1095 3213 ΙΙ

175 3217 224 3267 708
242 3217 368 3268 bistonos
386 3216 411 3266 E
428 3218 547 3268 bistonis
566 3217 591 3266 A
609 3213 621 3283 ΙΙ
644 3219 693 3267 709
712 3218 823 3267 summis
841 3218 922 3268 euna
941 3217 1019 3267 siluis
1037 3225 1060 3282 ψ
1080 3219 1096 3280 Η

176 3286 223 3334 711
243 3289 340 3334 narrat
356 3284 422 3334 Eun
440 3284 523 3334 deflet
541 3285 566 3334 A
584 3281 596 3350 ΙΙ
613 3287 663 3336 713
681 3285 743 3349 ipsa
762 3285 787 3334 Ε
798 3281 810 3350 ll
828 3287 878 3335 715
895 3286 1054 3349 tanaimque
1073 3302 1097 3336 ω

175 3352 349 3416 Tanainque
367 3352 418 3402 Bo.
448 3349 460 3416 ΙΙ
490 3354 538 3402 721
567 3354 615 3402 722
643 3354 727 3402 deleui
754 3349 766 3419 Η
795 3355 845 3403 726
870 3357 987 3418 pectora
1004 3353 1098 3403 nunu

175 3423 288 3482 pectore
307 3419 332 3468 A
356 3415 368 3484 ΙΙ
391 3420 463 3470 buxo
481 3419 571 3470 ulcu
597 3420 699 3469 buxum
717 3421 742 3470 A
775 3417 778 3485 Ι
803 3423 851 3471 727
869 3421 949 3470 Furit
966 3421 991 3470 Ε
1017 3421 1099 3471 Ferit

177 3485 242 3535 llEA
267 3482 278 3551 [1
302 3486 363 3534 alin
381 3486 407 3535 Ε
424 3487 505 3550 Atym
524 3487 548 3536 A
568 3487 645 3536 Attin
665 3488 743 3539 Gran.
773 3490 779 3549 l
