2550 3917
204 211 265 274 154
482 226 513 271 L.
531 225 663 271 aeram
681 226 835 273 sarincae
1003 287 1018 318 ἱ

202 383 305 425 euersa
321 364 358 425 ab
373 366 433 425 imo
449 381 539 440 regna
556 372 599 425 tat
615 364 742 445 papulas
759 373 904 443 premunt.

202 449 345 510 sileantur
360 449 449 509 aliae:
472 449 532 510 sela
550 452 678 510 coniunx
693 451 782 528 Aegei

203 535 305 596 Medea
320 535 426 594 reddet
440 534 564 595 feminas
579 535 674 595 dirrim
692 553 794 613 genus.

168 645 185 678 ο
245 633 347 678 rivale.
370 619 428 679 Cur
444 621 575 679 omniurn
591 621 624 679 lit
638 618 723 697 eulpa
740 636 900 698 paucarum
916 617 1031 680 scelus?

202 716 294 763 fflPP.
320 703 450 763 detester
466 705 562 764 omnis
577 704 688 764 horreo
703 697 783 782 lugia
800 721 934 765 execror.
983 721 986 726 ·

202 789 240 847 sit
255 789 329 847 ratio
345 789 382 847 sit
396 793 499 848 natura
515 790 553 848 sit
567 788 661 848 durus
677 788 776 857 luror,

203 871 299 932 odisse
315 873 434 951 placuit.
466 872 585 949 ignibus
599 877 706 951 iunges
722 891 814 950 aquas

203 963 231 1016 et
247 958 340 1017 amica
355 957 467 1017 ratibus
483 966 550 1018 ante
566 959 712 1036 promittit
727 958 801 1018 uada

201 1042 314 1101 incerta
330 1042 438 1120 Syrtis,
455 1050 522 1102 ante
537 1041 574 1102 ab
590 1050 724 1103 extreme
740 1045 805 1102 sinu

202 1124 338 1203 hesperia
354 1125 463 1205 Tethys
478 1125 609 1187 lucidum
625 1126 738 1186 attollet
754 1128 829 1188 diem
881 1165 883 1170 -

202 1218 232 1269 et
246 1228 298 1270 ora
314 1210 407 1271 damis
422 1209 529 1271 blanda
545 1212 733 1290 praebebunt
747 1211 823 1290 lupi,

202 1312 291 1374 quam
306 1296 402 1354 uietus
417 1297 548 1356 animum
564 1297 807 1366 feminaemitem
825 1314 936 1374 geram.

162 1379 190 1438 n'
244 1393 347 1439 NVTR.
373 1380 467 1457 Saepe
483 1380 637 1440 obstinatis
653 1380 746 1441 induit
761 1382 862 1441 irenes
878 1399 961 1440 amor

202 1470 231 1523 et
246 1464 313 1524 odia
328 1471 429 1524 mutat.
461 1483 551 1543 regna
569 1471 701 1526 materna
718 1465 851 1544 adspice:

200 1546 268 1609 illae
283 1550 399 1609 lereees
414 1551 543 1610 sentiunt
557 1548 681 1610 Veneris
696 1553 811 1628 iugum,

201 1634 318 1693 testaris
334 1634 410 1699 istud
426 1636 533 1694 unicus
549 1636 645 1711 gentis
661 1652 744 1713 puer.

202 1730 295 1776 ΗιΡΡ.
319 1717 450 1779 solamen
468 1735 559 1778 unum
576 1720 678 1779 matris
695 1719 819 1779 amissae
835 1718 899 1778 lero

202 1801 298 1862 odisse
314 1803 391 1880 quad
407 1805 466 1862 iam
481 1803 604 1862 feminas
620 1821 724 1862 omnes
737 1802 816 1862 lieet.

164 1887 190 1965 ρ’
245 1899 348 1945 rivas.
365 1888 401 1947 Vt
419 1887 491 1946 dura
508 1895 610 1947 caules
624 1887 753 1966 undique
769 1884 963 1946 intractabilis

181 2022 184 2026 .
201 1971 310 2030 resistit
324 1971 412 2031 undis
428 1979 458 2031 et
472 1970 653 2032 lacessentes
669 1989 759 2049 aquas

201 2053 290 2130 longe
305 2056 443 2124 remittit,
459 2055 553 2117 uerba
569 2058 612 2117 sie
627 2059 743 2135 spernit
758 2074 832 2116 mea.

202 2139 253 2198 sed
269 2139 403 2200 Phaedra
419 2157 563 2219 praeceps
579 2140 712 2219 graditur
728 2141 876 2220 inpatiens
891 2157 1002 2199 merae.

202 2238 308 2300 quase
324 2224 405 2284 dabit
419 2226 555 2286 fortuna?
578 2244 637 2305 que
653 2233 758 2302 uerget
774 2225 876 2289 lusor?

201 2315 299 2369 terrae
314 2316 438 2387 repente
454 2326 563 2385 eorpus
579 2311 747 2369 exanimum
764 2309 870 2369 accidit

202 2398 232 2452 et
246 2410 298 2453 era
314 2394 401 2453 morti
417 2392 519 2452 similis
534 2393 658 2453 obduxit
672 2393 763 2453 eolor.

202 2476 302 2537 attolle
318 2477 432 2547 uultus,
449 2477 567 2538 dimone
582 2481 665 2539 uocis
682 2495 794 2538 meras:

202 2571 270 2621 tuus
285 2580 321 2622 en
338 2561 457 2622 alumna
473 2569 564 2622 temet
578 2561 754 2641 Hippolytus
769 2569 860 2622 tenet.

423 2794 429 2804 ¹
485 2778 654 2824 PHAEDRA
669 2777 713 2823 ΕΤ
729 2777 826 2824 IDEM.

170 2923 189 2956 a
244 2898 315 2969 Quis
330 2916 377 2957 me
393 2897 488 2959 deleri
503 2899 600 2960 reddit
615 2907 703 2979 atque
719 2908 817 2960 aestus
833 2918 939 2976 graues

269 3103 320 3150 570
339 3105 367 3149 et
385 3115 467 3150 uersa
485 3117 507 3150 ω
526 3099 565 3166 (et
584 3117 666 3152 uersa
686 3103 717 3164 ll)
738 3117 840 3152 euersa
857 3104 953 3166 scripsi
962 3099 974 3167 ΙΙ
985 3105 1035 3152 572
1053 3101 1116 3152 red-

201 3169 249 3217 det
266 3167 315 3229 Εψ
338 3167 429 3217 reddit
447 3184 466 3218 α
489 3164 502 3233 ΙΙ
524 3171 574 3220 573
598 3185 647 3219 cur
664 3186 733 3223 corr.
752 3186 787 3219 ear
805 3185 852 3219 eor
870 3167 905 3217 Εί
930 3168 941 3234 ll
963 3173 1013 3222 582
1031 3170 1114 3220 NVT.

201 3233 238 3284 ΕΒ
253 3230 265 3299 Η
284 3236 333 3284 585
351 3237 463 3299 genitus
481 3238 506 3286 A
525 3239 618 3300 gentis
636 3237 662 3286 E
678 3234 689 3303 [Ι
706 3239 755 3288 590
773 3240 799 3287 in
817 3238 842 3285 Ε
861 3238 990 3288 abstersus
1009 3244 1048 3288 eat
1064 3254 1116 3287 una

201 3319 255 3351 eum
270 3303 373 3353 scholiis
396 3307 446 3353 nisi
467 3305 563 3369 quedl
585 3312 646 3369 etg
669 3308 770 3355 litterae
794 3305 873 3365 (uocis
892 3304 984 3370 longe)
1008 3307 1115 3355 relictae

200 3376 259 3418 eunt
282 3367 294 3435 ΙΙ
317 3372 366 3420 592
385 3373 531 3435 quouergit
548 3373 573 3420 E
591 3388 644 3436 quo
663 3378 760 3436 uerget
778 3373 802 3421 A
826 3370 837 3438 Η
860 3373 910 3423 593
928 3377 1040 3437 repente
1059 3376 1113 3422 ter·

200 3452 250 3486 rae
269 3439 293 3486 A
312 3443 404 3488 terrae
423 3445 537 3502 repente
558 3440 581 3487 E
592 3436 604 3504 ΙΙ
617 3440 693 3488 eadit
710 3441 735 3488 A
755 3440 858 3489 accidit
876 3440 901 3488 Ε
914 3437 925 3504 [Ι
941 3440 1115 3489 PHAEDRA

201 3504 249 3552 ET
267 3506 361 3555 IDEM
379 3506 404 3554 E
422 3507 596 3556 PHAEDRA
611 3531 617 3543 ·
632 3507 864 3557 HlPPOLYTVS
879 3530 885 3544 ·
900 3507 1037 3556 NVTRIX
1056 3509 1079 3556 A
1092 3505 1105 3572 ΙΙ
