2550 3917
556 231 722 278 Puannna

145 371 169 430 ἴ
226 372 318 443 Quam
336 373 417 430 uaria
431 370 482 430 ieti
498 387 607 448 genera
623 370 779 432 mortalem
796 369 918 429 trahunt

183 463 367 533 carpuntque
383 457 519 523 turbam,
537 464 645 532 pontus
664 463 692 514 et
708 455 820 516 ierrum
837 461 866 513 et
881 453 949 514 doli.

181 541 311 619 prouidit
326 538 374 600 iile
388 541 535 600 maximus
550 540 652 600 mundi
669 558 776 618 parens

182 643 248 685 euru
265 633 323 685 tam
339 643 463 703 rapaces
478 630 614 685 cerneret
629 625 680 685 fati
696 643 815 693 manue,

181 718 215 770 ut
230 710 336 770 damna
351 727 470 788 semper
486 707 589 769 subole
604 718 760 788 repararet
775 727 863 769 noua.

138 794 168 867 g'
225 793 281 854 Sed
297 795 356 854 iata
372 795 476 855 eredas
491 794 591 854 desse:
615 796 658 853 sie
674 805 765 854 atram
783 804 866 873 styga

180 880 239 938 iam
255 879 381 956 petimus
396 877 483 938 uitro.
515 878 657 940 eaeiibem
673 881 764 940 uitam
781 879 888 957 probet

180 963 288 1024 steriiis
303 965 459 1024 iuuentus:
482 963 540 1024 hoo
555 964 612 1024 erit
628 964 768 1042 quioquid
784 961 873 1023 uides¹

184 1049 272 1108 unius
287 1049 352 1108 aeui
368 1047 454 1108 turba
471 1043 543 1108 etin
559 1055 653 1108 semet
668 1057 744 1108 ruet.

180 1132 307 1210 proinde
324 1133 400 1192 uitae
415 1150 541 1209 sequere
556 1140 692 1192 naturam
708 1132 828 1192 dircem:

180 1216 290 1277 urbem
307 1216 460 1296 frequenta
477 1218 586 1277 oinium
604 1227 705 1277 coetus
721 1217 794 1277 ooie.
1115 1231 1166 1279 490

140 1308 174 1359 11⁰
229 1315 322 1360 ΗΙΡΡ.
345 1301 410 1361 Non
427 1302 482 1361 alia
499 1303 593 1378 magis
607 1311 652 1362 est
666 1300 757 1362 libera
776 1310 804 1360 et
819 1303 892 1361 uitio
909 1317 1014 1361 carens
1066 1307 1200 1355 nexium

179 1387 314 1464 ritusque
329 1384 436 1447 meiius
452 1387 510 1446 uita
527 1405 603 1464 quae
618 1388 732 1464 priseos
748 1384 836 1454 eolat,

179 1488 269 1548 quam
285 1488 362 1549 quae
377 1469 487 1530 relictis
502 1471 658 1530 moenibus
673 1470 762 1531 siluas
778 1476 865 1530 amat.

149 1565 162 1613 i
226 1554 302 1615 Non
318 1554 422 1615 ilium
440 1573 547 1615 anarae
562 1558 669 1616 mentis
685 1555 846 1614 inflammat
861 1555 945 1614 furor

180 1640 278 1717 quise
294 1639 403 1699 dicauit
421 1641 564 1699 montium
581 1641 727 1700 insontem
744 1641 836 1716 iugis,

179 1741 243 1782 non
258 1741 329 1784 aura
345 1723 447 1803 popuii
462 1731 491 1784 et
504 1724 614 1800 uulgus
628 1724 751 1784 infidum
768 1723 853 1783 bonis

180 1826 241 1867 non
257 1806 399 1885 pestilens
413 1804 523 1868 inuidia
540 1825 598 1868 non
615 1808 726 1886 fragilis
742 1809 836 1868 iauor.

149 1894 170 1951 ξ’
226 1892 251 1951 N
257 1910 304 1952 on
320 1891 387 1953 iiie
399 1897 495 1970 'regno
511 1894 604 1953 seruit
618 1903 669 1953 aut
683 1911 775 1971 regno
791 1894 937 1954 inminens

179 1994 275 2038 uanos
289 1977 420 2037 honores
436 1979 570 2055 sequitur
586 1985 636 2037 aut
650 1977 745 2038 duras
761 1995 832 2054 opes

180 2062 245 2139 spei
261 2069 415 2138 metusque
430 2061 515 2122 iiber.
548 2063 626 2122 haud
643 2062 723 2122 ilium
740 2063 825 2137 niger
924 2103 929 2114 ·

181 2145 315 2225 edaxque
330 2144 409 2206 liuor
423 2146 511 2206 dente
527 2146 674 2223 degeneri.
684 2147 764 2224 petit.

149 2241 171 2289 k
227 2230 288 2290 Neo
303 2230 415 2290 seelera
432 2230 558 2310 populos
573 2233 651 2291 inter
667 2239 754 2310 atque
770 2230 860 2296 urbes
876 2238 939 2292 sota

183 2315 267 2374 nouit
289 2333 345 2375 nec
361 2333 463 2376 omnes
478 2317 616 2375 conscius
631 2317 771 2394 strepitus
787 2324 875 2392 pauet

183 2406 235 2459 aut
249 2398 340 2460 uerba
357 2400 447 2477 tingit.
479 2399 558 2460 miiie
574 2417 634 2461 non
651 2403 767 2479 quaerit
782 2403 841 2478 tegi

183 2484 267 2544 diues
284 2483 428 2543 columnis
443 2502 499 2544 neo
514 2485 614 2545 trabes
629 2485 721 2546 multo
738 2486 867 2545 insolens
1116 2496 1166 2544 505

183 2567 294 2645 suffigit
309 2585 392 2637 auro.
424 2587 482 2628 non
499 2587 588 2630 eruor
604 2569 704 2647 largus
721 2572 783 2648 pias

182 2652 388 2713 inundaturas
404 2652 489 2730 fruge
503 2672 560 2714 nee
575 2660 669 2732 sparsi
685 2673 768 2715 sacra

184 2743 307 2798 centena
323 2738 404 2797 niuei
421 2737 495 2798 eoiia
510 2741 699 2800 summittunt
714 2739 815 2800 boues.

142 2821 172 2878 k'
227 2822 285 2882 Sed
301 2839 372 2882 rure
387 2841 483 2882 uacuo
499 2824 609 2900 potitur
625 2831 655 2884 et
670 2832 772 2902 aperto
788 2823 909 2884 aethere

182 2908 330 2966 innocuus
345 2914 434 2966 errat.
466 2907 590 2967 Gaiiidas
604 2916 718 2968 tantum
734 2909 804 2969 ieris

183 2993 325 3050 struxisse
340 2991 461 3052 fraudes
475 2995 560 3053 nouit
575 3000 602 3052 et
620 2992 714 3053 fessus
729 2995 813 3070 graui

250 3146 300 3193 475
319 3143 408 3194 minas
428 3147 451 3193 A
475 3160 572 3196 manus
592 3146 615 3194 E
638 3143 650 3212 Η
674 3148 722 3196 476
743 3145 837 3196 sobole
860 3161 929 3195 corr.
949 3161 984 3195 err
1003 3146 1097 3195 subole

183 3242 218 3292 E¹
231 3240 243 3310 Η
254 3247 304 3295 499
323 3220 400 3296 c‘e'tus
417 3246 442 3294 E
463 3243 475 3312 ii
493 3248 544 3297 493
562 3261 700 3310 quamque
720 3247 744 3295 Ε
760 3245 772 3312 Η
788 3248 838 3296 498
857 3247 981 3297 imminet
999 3249 1023 3296 A
1048 3249 1099 3296 im-

184 3313 291 3362 minens
308 3327 321 3364 ε
337 3310 350 3380 ss
365 3315 417 3363 499
435 3329 576 3379 uanosque
595 3311 637 3378 αΙΙ
654 3316 793 3366 portator
812 3319 896 3378 atque
915 3315 940 3363 E
958 3313 1017 3378 (litt.
1039 3320 1100 3365 erat

182 3395 234 3428 ser.
252 3397 283 3429 m.
303 3384 328 3430 2.
348 3384 374 3431 in
391 3384 461 3444 rao.)
484 3380 496 3447 ΙΙ
519 3386 573 3431 sita
592 3400 613 3432 ω
632 3387 702 3432 sata
722 3384 796 3432 NHst
814 3378 826 3448 Η
847 3385 896 3449 594
915 3382 987 3431 haud
1009 3383 1029 3432 Α
1051 3389 1099 3431 aaut

185 3447 209 3494 Ε
225 3443 237 3509 ΙΙ
253 3451 302 3498 595
322 3448 446 3513 suffingit
464 3466 482 3499 α
507 3449 612 3499 suffieit
624 3451 648 3498 Ε
667 3449 773 3513 suffigit
790 3458 813 3511 ψ
833 3465 909 3513 ‚arrius
926 3451 983 3499 cod.
1002 3451 1100 3500 sufful-

185 3514 235 3562 eit‘
254 3515 322 3568 Bau
347 3513 359 3582 ΙΙ
382 3520 430 3567 597
450 3532 549 3581 sparsa
568 3535 586 3565 α
605 3517 687 3579 (corr.
707 3521 732 3565 io
750 3519 803 3566 ind.
823 3517 888 3581 err.)
912 3515 925 3582 Η
