2550 3917
191 214 294 261 XXXII
567 208 767 256 PRAEFATIO

194 390 256 431 eum
281 371 387 443 uolgari
409 371 570 427 recensione
597 370 760 443 plerumque
786 369 970 425 consentiunt.
1013 366 1090 424 Folia
1110 383 1142 425 ea

117 446 121 453 ’
194 457 293 533 quibus
306 455 414 513 Medeae
428 454 571 529 relliquiae
582 456 760 519 eontinentur
773 452 890 510 eontulit
901 451 1066 510 Ritsehelius
1081 468 1143 509 eum

193 542 313 599 editione
330 539 488 599 marolliana
503 539 599 612 (Paris.
612 539 714 611 1664),
731 538 825 612 Oedipi
843 538 995 611 fragmenta
1011 554 1073 595 eum
1087 536 1146 594 eol-

193 627 313 684 leotione
333 634 419 701 poelt.
441 626 500 682 latt.
522 624 668 682 lloreutina
689 624 730 680 ed.
753 641 775 679 a.
795 622 877 680 1834
899 640 952 696 qua
973 639 1029 680 non
1045 622 1144 686 licebat

195 713 245 767 uti.
281 709 353 777 Quae
376 712 404 765 iu
420 711 459 767 eis
475 709 550 767 loliis
572 717 664 766 entare
684 711 767 767 certis
789 707 880 765 uerbis
894 708 1059 765 Ritsohelius
1080 724 1144 764 eon·

123 820 125 825 ·
194 795 284 872 firmat
310 796 337 852 in
360 797 463 853 nostris
484 796 678 852 commentariis
700 789 885 855 exhibuimus,
918 809 987 866 quae
1007 809 1040 849 ex
1063 793 1145 849 tacito

192 897 258 937 ¹oum
275 880 316 936 ed.
333 880 437 938 maroli.
455 896 592 937 consensu
607 880 746 953 adparent,
763 878 832 934 inira
848 873 1057 949 subiecimus*).
1079 877 1146 932 Cum

195 965 224 1019 E
239 964 305 1021 lolia
320 982 405 1021 resor.
421 966 599 1022 consentiunt
621 965 664 1020 his
681 964 768 1019 trihus
784 962 892 1019 Medeae
912 962 995 1018 loeis:
1020 960 1080 1018 219
1103 977 1145 1016 ra·

195 1048 258 1105 hida
275 1047 310 1121 (A
325 1048 429 1123 rapida)
461 1049 522 1107 266
546 1056 575 1105 tu
593 1056 620 1105 tu
637 1048 696 1120 (sed
713 1056 742 1104 tu
758 1046 793 1119 Α)
825 1047 885 1105 268
907 1047 992 1104 robur
1007 1046 1087 1103 uirile
1103 1053 1147 1101 est

197 1132 287 1205 (uirile
306 1134 392 1190 robur
413 1152 439 1189 n.
462 1134 592 1190 tmesi
611 1132 656 1205 Α).
701 1131 842 1206 Plerisque
862 1132 931 1189 loeis
954 1133 995 1188 eis
1015 1131 1148 1189 conuenit

197 1235 260 1275 eum
275 1218 436 1293 uolgarihus
451 1218 543 1275 libris:

345 1355 379 1409 A.
403 1354 503 1411 Reser.
902 1352 930 1406 Ε

239 1436 300 1495 213
317 1438 478 1499 dulcescunt
573 1500 576 1506 ,
727 1436 877 1493 durescunt

239 1522 299 1580 218
316 1541 388 1581 nuno
728 1530 795 1577 tune

239 1606 301 1663 214
317 1619 424 1665 exercet
650 1631 653 1637 ·
728 1613 846 1662 exterret

240 1690 301 1748 218
317 1694 372 1748 uiri
729 1693 805 1765 proei

135 1794 138 1800 ·
240 1774 301 1831 233
318 1776 416 1832 dueum
434 1784 452 1831 t.
469 1777 566 1834 ducem
729 1776 824 1832 ducem
842 1784 859 1831 t.
876 1776 975 1832 dueum

241 1857 303 1916 240
317 1862 423 1933 primus
729 1862 845 1936 primunr

241 1941 301 1999 241
318 1944 490 2019 flagrantid
527 1945 660 2019 fraglante
729 1945 876 2001 ilammanti

319 2030 420 2087 Reser.

241 2110 302 2167 242
320 2131 373 2189 qua
731 2130 800 2189 quae
815 2112 861 2187 (ψ)

242 2195 303 2251 244
321 2198 371 2254 tuli
409 2245 413 2253 .
731 2200 793 2255 titul

244 2279 303 2337 249
321 2291 393 2339 terra
408 2284 459 2342 irae
731 2293 831 2341 terram

205 2380 207 2385 ·
321 2374 347 2423 et
555 2383 557 2390 ’
731 2387 762 2426 ao

243 2448 304 2506 252
321 2452 460 2509 uiolenter
732 2452 872 2510 uiolentus

244 2532 303 2591 256
320 2538 422 2611 quippe
438 2545 465 2593 te
734 2549 815 2613 quem
830 2536 895 2610 (om.
911 2537 1024 2613 quippe)

243 2618 304 2678 267
321 2621 472 2677 audendum
732 2623 855 2679 audenda

244 2702 305 2761 704
322 2722 403 2762 manu
731 2725 826 2763 manns

244 2789 304 2845 712
321 2808 433 2865 sparsus
731 2808 840 2867 sparsas

244 2874 304 2931 713
320 2875 437 2932 Parthus
453 2874 522 2933 leuis
724 2876 916 2935 'Parthileues
953 2882 958 2888 “

244 2955 306 3015 714
323 2960 384 3033 quis
734 2963 781 3035 qui
797 2960 854 3035 (ψ)Ι

209 3132 411 3141 .----

204 3257 279 3305 nem,
308 3242 343 3292 ad
366 3258 446 3307 quem
469 3244 589 3296 fortasse
611 3244 758 3297 referenda
781 3251 846 3297 sunt
862 3246 1035 3298 Aldhelmi
1058 3246 1156 3304 uerba,

205 3310 315 3361 saeculi
328 3327 371 3361 v11
384 3312 517 3373 hominis,
536 3312 770 3377 Agamemnonem
783 3321 911 3365 sextum
925 3315 1012 3365 fuisse
1025 3313 1157 3364 uolumen

203 3377 323 3429 dicentis
338 3376 381 3443 (de
396 3381 554 3444 septenario
568 3381 610 3434 ed.
623 3382 689 3432 Mai.
704 3399 730 3448 p.
743 3381 814 3447 588).
884 3382 911 3443 *l
924 3383 1047 3433 Leuiora
1060 3382 1156 3432 ortho-

205 3446 341 3525 gnraphioa
358 3463 410 3499 neo
427 3463 483 3499 non
501 3446 674 3501 differentias
691 3452 858 3516 typographi
875 3466 966 3501 errore
985 3455 1068 3501 natos
1087 3450 1157 3499 omi·

203 3528 298 3567 mmns.
