2550 3917
149 141 227 191 xx11
524 138 724 187 PRAEFATIO

148 302 237 359 tanais
252 298 497 373 (oratraisli13),
514 299 560 355 ubi
575 300 676 355 dudum
692 301 851 355 restitutum
866 308 911 355 est
926 300 1102 363 ‘Britannis’‚

149 404 175 442 u.
191 385 232 443 43
249 386 332 442 tantis
348 384 376 457 (i.
393 402 416 442 e.
433 392 460 441 et
475 382 549 456 ante)
579 384 618 442 88
641 385 749 457 spernit
769 382 904 456 superbos
925 382 1102 459 humilesque

151 469 284 544 (superos
305 468 502 543 hominesque)
533 468 592 526 139
615 468 695 525 undis
713 466 842 539 (umbris)
874 467 936 525 254
957 484 1024 525 nero
1045 470 1102 525 nisi

151 556 204 611 duo
221 558 268 611 uel
284 554 392 611 insiduo
409 552 488 627 (Nero
506 552 618 610 insitiuo
626 552 649 623 i)
667 552 728 609 297
745 552 886 627 prodimus
902 569 954 609 eno
971 554 1018 610 uel
1033 570 1101 610 seuo

151 638 209 714 (pr.
234 637 320 709 eheu)
350 638 411 696 423
434 638 530 695 lacuna
561 637 620 696 501
644 638 736 711 specie
758 655 834 693 sacra
854 635 944 709 (sacro
965 638 1101 712 auspicio)

153 722 215 781 744
231 723 364 798 pristinus
380 722 538 795 (crispinus)
570 722 650 781 1001
669 722 777 779 tandem
793 721 888 796 pharie
902 720 1103 795 (Pandatariae)

153 808 234 866 1009
256 824 411 865 maurorum
434 805 618 879 (Taurorum)
639 814 692 862 eto.
727 807 767 861 Ad
788 805 925 880 exemplar
945 823 1012 865 uero
1034 807 1104 863 illud

150 895 270 949 anticum
292 910 306 949 e
327 892 431 949 nostris
452 891 530 949 libris
553 892 674 965 proxime
697 892 810 947 uidetur
826 891 956 948 accedere
977 892 1104 949 llehdi·

151 994 302 1051 geranus
323 994 350 1032 n.
370 978 407 1035 13
424 975 462 1049 (B
470 975 515 1048 13)
536 976 663 1050 pessimis
684 976 731 1033 ille
747 976 855 1050 quidem
877 976 1003 1033 loedatus
1025 978 1103 1033 uitiis

153 1069 180 1117 et
201 1062 234 1118 ab
256 1062 364 1118 homine
387 1061 508 1135 scriptus
529 1068 558 1117 et
578 1061 776 1135 inperitissimo
800 1067 829 1117 et
848 1062 1102 1134 neglegentissime.

152 1147 215 1209 sed.
242 1147 270 1202 id
285 1147 360 1221 quod
375 1148 482 1202 maximi
504 1154 546 1202 est
567 1148 595 1201 in
617 1147 671 1203 hoc
691 1162 793 1218 genere
809 1146 954 1209 momenti.
978 1145 1101 1202 mutandi
1155 1218 1158 1225 ι

151 1230 264 1287 libidine
285 1239 312 1287 et
328 1231 458 1287 uitiorum
475 1230 686 1288 occulendorum
702 1230 819 1287 oonsilio
834 1247 951 1304 prorsus
972 1232 1103 1288 intactus.

151 1315 179 1370 ld
201 1323 310 1389 praeter
337 1316 389 1373 alia
409 1324 503 1390 aperte
524 1315 645 1372 ostendit
670 1316 749 1371 locus
777 1313 969 1372 uexatissimus
991 1317 1037 1389 qui
1058 1321 1103 1370 est

152 1398 214 1456 422
231 1418 293 1475 sqq.
309 1400 355 1458 ubi
372 1416 465 1458 omnes
480 1401 564 1457 ceteri
581 1400 644 1456 libri
660 1399 701 1455 sic
716 1399 831 1456 habent:

306 1531 453 1583 extrahere
465 1532 557 1596 pisces
570 1536 629 1581 rete
642 1530 688 1581 uel
702 1530 809 1580 calamo
822 1530 878 1581 leui

305 1600 433 1665 decipere
446 1600 573 1649 uolucres
586 1604 665 1649 crate
677 1598 724 1647 uel
738 1598 847 1647 calamo
860 1597 978 1649 autleni

305 1672 400 1717 tenere
413 1667 515 1730 laqueo
527 1681 652 1731 premere
664 1666 805 1716 subiectos
818 1667 883 1731 iugo

307 1740 401 1784 tauros
415 1734 523 1784 ieroces
537 1750 560 1785 e.
575 1749 600 1798 q.
614 1748 635 1783 s.

156 1872 238 1931 quem
259 1856 349 1913 locum
371 1858 408 1912 ita
429 1856 538 1913 restitui
554 1872 636 1930 posse
652 1854 786 1929 putabant
806 1856 939 1918 editores,
965 1864 997 1912 ut
1017 1855 1104 1912 uerba

153 1940 210 1997 ‘uel
223 1940 326 1999 calamo
339 1941 451 1997 autleni
465 1949 556 1997 tenere
568 1940 688 2015 laqueo'‚
702 1949 732 1996 ut
743 1958 814 2014 quae
826 1949 855 1996 et
866 1940 935 1997 male
946 1941 1063 2013 repetita
1074 1947 1103 1994 et

153 2026 258 2083 insulso
271 2026 453 2083 additamento
466 2034 543 2082 aucta
556 2033 659 2086 essent,
676 2026 785 2081 exulare
797 2022 932 2080 iuberent.
955 2024 1008 2081 Sed
1021 2024 1103 2080 aliam

154 2109 226 2167 uiam
242 2110 444 2186 ingrediendam
461 2127 522 2167 esse
538 2110 618 2166 docet
633 2110 704 2165 R13
718 2125 816 2165 uersus
832 2107 872 2167 sic
886 2108 1031 2165 exhibens:

308 2241 453 2292 extrahere
466 2241 557 2305 pisces
569 2244 630 2291 rete
643 2239 689 2291 uel
702 2238 810 2290 calamo
821 2238 879 2289 leui

306 2309 435 2374 decipere
446 2309 576 2360 uolucres
588 2312 665 2358 crate

307 2382 403 2427 tenere
415 2377 525 2442 laqueo.
547 2390 674 2441 premere
686 2391 709 2425 e.
724 2390 750 2439 q.
763 2390 785 2428 s.

154 2499 220 2554 Cum
243 2514 309 2555 uero
331 2516 376 2555 res
397 2498 505 2575 llagitet
525 2507 557 2555 ut
577 2497 700 2571 piscibus
722 2504 750 2552 et
771 2494 870 2552 auibus
890 2498 1102 2553 conmemoratis

154 2582 297 2639 beluarum
318 2599 429 2657 quoque
450 2584 552 2639 mentio
578 2581 625 2637 liat
650 2611 685 2621 -
708 2581 742 2637 ad
763 2598 831 2655 quas
853 2580 979 2637 ‘crates'
1007 2588 1104 2654 aperte

155 2674 279 2741 spectant
304 2697 340 2708 -
357 2667 429 2725 libro
446 2666 485 2724 illi
501 2667 548 2742 qui
564 2666 767 2722 hemistichium
782 2664 955 2721 intercidisse
971 2665 1103 2727 ostendit,

156 2752 221 2825 quin
237 2752 304 2809 tides
320 2752 356 2808 sit
371 2752 492 2809 habenda
508 2768 563 2808 non
579 2750 743 2807 dubitamus.
782 2747 896 2804 Versum
912 2748 1103 2823 suppleuimus

156 2853 189 2893 ex
201 2836 266 2893 lior.
283 2854 326 2911 ep.
338 2835 408 2895 1145
426 2836 462 2909 (n.
476 2837 535 2894 adu.
547 2836 579 2893 ad
590 2852 615 2892 u.
623 2833 706 2906 423).
729 2832 855 2889 Videmus
871 2833 957 2907 igitur
972 2835 1024 2890 hoc
1039 2834 1103 2890 loco

155 2920 253 2976 uitium
269 2937 329 2977 oum
346 2923 373 2977 in
389 2920 514 2977 omnibus
531 2922 630 2978 ceteris
646 2917 724 2974 libris
741 2916 913 2973 hemistichio
929 2918 1104 2974 antecedenti

155 3004 226 3060 male
236 3004 355 3078 repetito
366 3005 564 3061 dissimulatum
573 3006 618 3066 sit,
628 3004 656 3058 iu
666 3000 800 3058 soloRI3
808 3000 923 3060 fideliter
933 3019 1105 3077 expressum.

157 3088 249 3162 Neque
265 3091 351 3162 magis
367 3088 455 3163 lugiet
469 3091 575 3162 peritos
591 3106 617 3144 u.
634 3086 674 3142 42
691 3086 765 3159 quod
781 3087 809 3141 iu
825 3084 897 3142 Rl3
911 3086 1016 3159 iegitur
1036 3086 1106 3144 ‘ora

156 3171 240 3228 trais'
267 3173 293 3229 id
310 3174 424 3247 propius
435 3174 567 3230 accedere
582 3172 614 3228 ad
631 3172 776 3245 genuinam
792 3170 956 3243 scripturam
971 3170 1104 3234 ‘britais'‚

157 3254 239 3330 quam
254 3256 328 3331 qnod
342 3258 427 3314 ceteri
442 3257 575 3331 praebent
596 3256 661 3312 ‘ora
679 3254 790 3318 tanais’,
812 3256 978 3311 correctoris
993 3272 1104 3312 manum

155 3340 292 3399 redolens.
331 3342 476 3400 Praeterea
497 3360 523 3399 u.
541 3342 600 3400 178
620 3340 720 3396 uitiose
741 3338 844 3413 legitur
865 3339 987 3397 inlibris
1008 3340 1105 3413 uolga-

156 3424 246 3482 ribus:
269 3426 381 3483 ‘nultus
397 3428 448 3485 deo
466 3426 571 3484 Similes
586 3424 693 3483 uolanti
711 3423 822 3480 feruens
841 3421 946 3480 flamma
967 3423 1105 3486 abstulit’,
1178 3421 1183 3427 “
