2550 3917
197 181 310 235 XXXVI
572 179 772 227 PRAEFATIO

197 341 272 416 picta
286 347 364 397 erant
379 357 456 396 erasa
471 347 544 397 sunt.
575 338 634 395 rot.
652 337 712 396 165
734 338 781 395 ubi
796 337 922 394 hercules
939 340 1070 397 oethaeus
1084 339 1145 397 fini·

200 435 245 495 tur
258 426 326 482 haec
340 424 483 498 leguntur:
506 423 608 481 Senece
623 430 706 496 poete
722 423 917 496 'lragerliarum
937 423 1008 481 liber
1023 425 1144 482 decimus

199 519 227 566 et
245 509 359 566 ultimus
384 512 431 583 qui
446 509 574 567 hercules
594 509 710 565 cetheus
726 508 883 564 nominatur
902 508 947 564 hic
961 507 1079 566 feliciter
1099 527 1144 567 ex·

197 595 285 669 plicit.
320 595 374 650 lieo
404 596 515 669 gratias.
546 594 660 651 Amen'
708 592 781 649 lnira
814 610 882 650 auro
912 594 1015 666 pieturn
1044 610 1145 651 nomen

198 677 359 736 ‘Nicolaus'
382 687 410 735 et
430 687 582 735 atramento
603 679 685 752 nigro
707 678 822 752 scripta:
847 676 911 733 ‘Sit
930 694 1029 735 nomen
1044 679 1145 735 domini

198 764 383 821 benedictum.
412 764 451 820 Er
465 765 519 821 hoc
532 780 606 820 nune
620 771 648 818 et
662 764 794 836 usquein
809 761 932 819 seculum
940 764 958 817 '.
987 764 1145 821 Glossarum

198 848 388 923 marginalium
414 865 464 923 per
484 857 573 906 totum
594 847 695 904 librum
721 846 857 904 uberrima
879 846 992 923 copiast)
1018 850 1084 906 item
1104 850 1146 905 in·

197 932 376 989 terlluearurn
397 934 491 990 in1111
512 934 606 1008 primis
628 931 776 1005 tragoediis
796 940 824 988 et
843 941 921 1006 parte
936 939 994 991 Vae·
1024 935 1147 1008 Scriptae

199 1025 264 1075 sunt
278 1018 442 1075 nitidissime
463 1025 490 1073 et
511 1017 544 1073 ab
560 1018 653 1074 eadem
668 1033 750 1073 mann
765 1024 797 1073 ut
811 1019 922 1073 uidetur
940 1036 971 1075 ac
986 1027 1077 1076 textus
1093 1027 1147 1075 tra·

199 1102 366 1177 goediarum.

262 1218 457 1278 Gothenus
469 1219 628 1275 chartaceus
638 1237 666 1276 n.
674 1218 735 1278 256
743 1219 792 1275 iol.
800 1220 1145 1295 cnxvmrlineaeplumbo

199 1305 297 1364 ductae
319 1304 347 1360 in
368 1305 448 1378 plena
468 1304 566 1377 pagina
589 1302 640 1362 34.
675 1303 800 1379 Scriptus
820 1314 866 1362 est
886 1323 958 1367 saec.
973 1322 1029 1365 xv1
1049 1322 1146 1379 parum

199 1389 328 1448 adcurate
348 1389 396 1445 sed
417 1386 580 1446 luculenter.
616 1389 740 1445 continet
759 1408 782 1447 x
807 1390 964 1465 tragoedias
984 1390 1080 1447 eodem
1103 1407 1147 1448 or·

198 1474 261 1531 (line
288 1489 319 1530 ac
340 1472 371 1529 G.
399 1482 559 1550 argumenta
580 1474 697 1548 singulis
716 1476 865 1547 tragoediis
891 1478 1057 1549 praemissa,
1083 1492 1147 1549 per·

200 1576 329 1617 sonarum
350 1566 432 1615 notae
452 1559 648 1634 inscriptiones
670 1560 887 1633 subscriptiones
909 1561 1020 1615 omnino
1041 1559 1147 1615 deside·

202 1651 306 1705 rantur.
338 1643 430 1700 Soatet
444 1642 550 1700 lacunis
565 1645 669 1700 incuria
684 1644 778 1700 librari
795 1643 872 1699 ortis.

262 1761 414 1834 Vtrumque
429 1760 583 1817 Gothanum
605 1768 637 1815 ut
653 1760 731 1816 alteri
752 1767 877 1816 nostrum
893 1760 1042 1815 Posnaniae
1057 1758 1147 1815 hieme

199 1838 376 1933 smoccuxffl
391 1846 527 1919 inspicere
543 1844 639 1899 liceret
654 1844 756 1900 iactum
776 1851 819 1899 est
835 1843 1000 1901 liberalitate
1021 1844 1147 1900 uirorum

199 1946 343 2003 doctorum
359 1945 407 2020 qul
422 1944 604 2002 bibliothecae
619 1945 708 2002 ducali
725 1946 861 2019 gothanae
876 1953 1018 2020 praesunt.

122 2034 217 2123 Vrats
268 2061 600 2123 vratislauiensis
625 2062 692 2120 bibl.
713 2079 771 2137 reg.
792 2066 869 2120 unia.
889 2065 976 2123 chart.
996 2081 1029 2124 rv
1051 2064 1081 2133 Q.
1099 2062 1147 2122 58.

202 2148 283 2205 Liber
298 2149 325 2206 B.
338 2149 369 2205 V.
382 2150 480 2205 llariae
495 2151 524 2227 jn
540 2148 657 2206 Lubeus.
675 2165 728 2205 scr.
749 2166 774 2205 a.
792 2147 884 2205 1492.
901 2148 1001 2205 desinit
1016 2150 1044 2205 in
1054 2151 1149 2224 Agam.

202 2251 228 2291 u.
247 2234 295 2292 61.
311 2233 435 2291 conlatus
452 2234 484 2290 ab
500 2232 589 2290 altero
604 2241 729 2289 nostrum
745 2251 768 2289 a.
785 2248 970 2292 nncecnvn.

267 2368 315 2423 llis
330 2369 470 2426 codicibus
490 2367 605 2425 addendi
620 2377 686 2423 sunt
701 2375 758 2424 tres
774 2384 891 2441 quorum
906 2368 1030 2443 pleniore
1051 2367 1150 2423 notitia

202 2453 244 2508 uti
260 2452 360 2509 licebat
374 2455 402 2509 in
418 2452 534 2509 Hercule
547 2454 657 2526 priore:

115 2563 199 2629 ΤῙΤ2
266 2568 506 2629 Turonensis
525 2568 590 2647 Iret
609 2566 650 2627 IL
687 2570 727 2627 Gi.
747 2570 969 2645 Wollenbergius
990 2571 1018 2627 in
1033 2570 1062 2627 Ζ.
1082 2570 1101 2627 i.
1119 2570 1150 2626 G.

203 2655 382 2713 186011111
408 2674 435 2731 p.
457 2655 563 2713 716-
577 2655 648 2713 718.
696 2654 774 2713 Alter
793 2650 870 2730 (T¹)
892 2664 934 2712 est
954 2656 1014 2712 cod.
1036 2653 1150 2713 membr.

203 2757 274 2797 saec.
290 2759 331 2801 xv
346 2742 385 2797 in.
415 2741 443 2796 ln
461 2739 532 2798 line:
555 2739 727 2815 ‘Explieiunt
743 2740 863 2814 tragedie
879 2740 991 2797 Senece.
1020 2740 1074 2795 lieo
1089 2754 1151 2818 gra-

201 2874 404 2885 -.-—----

269 2937 292 3001 *)
311 2940 370 2988 1οοί
384 2954 485 2989 caussa
502 2937 659 3003 exemplum
672 2937 779 2989 damus.
814 2935 859 2986 Aa
871 2934 939 2990 Oed.
950 2937 1002 2986 407
1019 2939 1064 2985 ‘et
1081 2934 1152 2986 ulte·

202 3006 259 3055 rins
281 3005 432 3055 notandum
455 3006 526 3069 quod
548 3004 641 3055 nullus
660 3020 740 3056 corus
757 3004 847 3053 tocius
868 3003 934 3053 libri
956 3004 1049 3053 estin
1065 3007 1152 3053 metro

201 3079 259 3121 tem
279 3073 374 3122 uarius
391 3087 454 3122 nem
472 3076 583 3122 constat
600 3088 635 3122 ex
652 3073 740 3123 datilo
759 3074 897 3122 exemetro
914 3071 1027 3121 heroico
1050 3085 1154 3136 anape-

203 3140 273 3190 etico
291 3140 459 3190 coriambico
483 3142 511 3190 et
527 3139 589 3205 plus
607 3155 691 3204 quam
712 3139 914 3204 tetrastrophos
931 3137 1035 3190 alicubi
1057 3139 1153 3202 itaque

204 3210 302 3257 contra
313 3206 449 3272 Regulam
467 3206 533 3257 dare
545 3208 681 3272 nequiuit.
717 3208 755 3257 Et
766 3210 859 3271 potest
870 3222 926 3257 nna
939 3208 1049 3272 opinari
1067 3221 1153 3257 causa

204 3289 287 3339 quare
304 3275 345 3325 sio
362 3279 446 3339 poeta
464 3274 574 3327 iecerit.
609 3277 681 3327 Nem
697 3273 744 3324 hic
761 3272 848 3325 multe
867 3290 984 3340 persone
1003 3274 1153 3338 loquuntur

205 3342 290 3392 etsie
315 3344 438 3408 oportuit
459 3348 577 3393 metrum
597 3341 790 3408 multipliciter
805 3343 914 3394 uariare
938 3347 966 3393 et
983 3344 1013 3393 in
1030 3342 1101 3393 leste
1125 3347 1155 3391 et

205 3408 345 3462 sacrificio
356 3410 459 3461 bacchi
475 3408 560 3461 bene
574 3410 743 3477 potabant
755 3426 867 3463 omnes
885 3415 914 3462 et
926 3412 967 3462 sic
980 3409 1155 3474 benepoti

203 3478 298 3527 uarie
316 3477 574 3542 loquebantur’.
