2550 3917
503 226 703 276 acauauuo
730 230 733 237 ’
781 274 789 289 ,
999 212 1063 279 321

143 366 216 447 quid
232 367 296 446 ipse
310 372 401 427 temet
415 364 547 428 consulis
562 373 685 445 torques
700 382 788 443 rogas

144 469 182 511 an
198 452 302 513 deceat
316 450 374 512 hcc
388 452 437 513 tei
460 452 575 531 respice
591 451 627 510 ad
644 446 794 512 matrem:⁴
808 451 901 515 decet.

187 535 246 595 Sed
261 554 314 596 cur
329 544 453 615 repente
467 536 563 596 noctis
578 538 706 598 aestiuae
723 538 803 597 uices

142 620 268 681 hiberna
283 619 370 699 longa
385 622 477 699 spatia
492 620 663 699 producunt
676 638 760 681 mora

141 713 195 765 aut
210 705 280 783 quid
297 706 435 767 cadentes
451 705 562 767 detinet
577 704 676 766 stellas
690 704 778 784 polci

141 789 296 850 Phoebum
313 807 474 851 moramur.
505 788 597 850 redde
613 791 671 850 iam
688 790 798 850 munde
815 790 903 853 diem.

529 1055 677 1104 CHORVS.

105 1237 124 1270 a
342 1212 375 1274 0.
383 1230 543 1290 regnorum
560 1213 676 1289 magnis
692 1212 778 1273 fallax

299 1296 416 1358 fortuna
434 1296 520 1358 bonis
534 1299 564 1357 iu
580 1298 734 1375 praecipiti

299 1380 448 1461 dubioque
463 1380 544 1443 locas
559 1384 647 1441 nimis
663 1380 804 1443 excelsos,

299 1483 459 1545 numquam
474 1464 620 1544 placidam
635 1474 753 1543 sceptra
770 1468 899 1545 quietem

299 1557 452 1611 certumue
467 1550 512 1610 sui
528 1557 652 1611 tenuere
669 1549 763 1620 diem,

299 1633 354 1694 alia
372 1653 407 1694 ex
424 1634 487 1695 aliis
503 1652 575 1695 cura
589 1636 693 1713 fatigat

299 1726 444 1799 uexatque
460 1721 573 1780 animus
588 1737 665 1779 noua
682 1726 851 1798 tempestas.

342 1887 406 1947 Nou
422 1889 465 1948 sic
480 1886 585 1967 libycis
600 1886 731 1966 syrtibus
746 1906 857 1969 aequor

299 1972 370 2032 iurit
385 1971 516 2033 alternos
531 1971 655 2033 uoluere
670 1971 793 2042 fluctus,

298 2074 358 2115 nen
373 2056 480 2116 Euxini
495 2064 595 2135 turget
610 2056 647 2117 ab
663 2058 728 2117 imis

299 2149 435 2201 cuumcta
452 2141 535 2201 uadis

299 2225 377 2285 unda
392 2224 483 2285 niuali
501 2226 600 2286 uicina
614 2223 699 2303 polo,

298 2308 350 2369 ubi
365 2309 508 2370 caeruleis
521 2311 652 2371 inmunis
668 2312 751 2389 aquis

300 2393 397 2455 lucida
413 2401 512 2455 uersat
528 2394 658 2473 plaustra
675 2395 793 2456 Bootes.

343 2562 380 2622 Vt
395 2564 628 2641 praecipites
643 2581 748 2650 regum
764 2582 849 2623 casus

300 2647 418 2707 lcrtuna
433 2654 520 2707 rotat.

301 2732 392 2791 metui
407 2733 530 2809 cupiunt
545 2733 698 2809 metuique
713 2733 827 2792 timent.

300 2833 360 2875 nun
376 2833 434 2875 uox
450 2814 505 2875 illis
521 2814 596 2876 alma
613 2832 750 2878 recessus

300 2899 425 2978 praehet
439 2907 533 2968 tutos,
550 2918 609 2961 ncu
626 2918 765 2961 curarum

299 3002 421 3044 sumnus
436 2984 565 3045 domitor
580 2993 701 3063 pectora
717 2983 816 3045 soluit.

215 3240 248 3288 51
268 3237 346 3287 timei
364 3238 390 3287 E
418 3234 430 3304 ΙΙ
459 3236 672 3289 praesumet.
693 3240 764 3288 atA
785 3246 861 3302 unp
887 3234 899 3303 ll
927 3238 961 3287 56
979 3236 1066 3288 reddo

144 3308 227 3359 Grou.
244 3301 258 3371 ll
275 3307 307 3357 it
326 3303 350 3354 0
369 3321 415 3356 cru.
434 3314 458 3370 ψ
474 3303 486 3372 ΙΙ
501 3308 535 3356 69
552 3306 586 3357 D.
602 3304 621 3355 1.
635 3305 761 3356 excelsos
777 3306 860 3355 nimis
878 3305 903 3355 Ε
921 3305 1002 3375 nimis
1021 3320 1067 3355 ex-

144 3375 239 3427 celsos
256 3373 400 3423 LMueller.
424 3374 458 3426 D.
475 3373 557 3423 nimis
576 3372 688 3423 excelsa
706 3372 782 3423 locas
801 3373 824 3423 A
856 3373 968 3423 excelsa
986 3370 1068 3423 nimis

144 3443 199 3493 Bo.
220 3438 233 3508 l]
254 3441 287 3491 62
306 3456 339 3491 ex
352 3441 415 3491 aliis
427 3458 449 3492 ω
467 3457 501 3492 ex
519 3441 581 3490 alia
599 3441 794 3505 Rapiomontani
810 3442 874 3491 liber
898 3436 909 3507 ll
933 3444 966 3493 63
984 3447 1068 3491 uexat

146 3512 207 3575 (om.
228 3508 292 3573 que)
311 3509 337 3558 E
365 3505 377 3574 ΙΙ
406 3510 439 3559 66
458 3508 561 3571 euxini)
581 3524 616 3559 eu
632 3511 659 3561 in
677 3524 729 3563 ras.
749 3508 785 3559 Ε3
813 3507 826 3576 ll

201 3608 325 3644 susten
339 3608 420 3646 ratu.
824 3592 864 3656 21
