2550 3917
196 138 257 203 106
475 152 506 202 n.
524 150 660 199 annam
675 152 833 203 sennenn

194 293 246 355 sed
262 292 348 354 ilecte
363 303 502 363 mentem,
518 302 622 372 pectus
637 294 789 373 antiquum
805 293 919 354 adnooa

194 379 346 457 dictasque
362 377 595 457 magno'robore
611 396 770 440 aerumnas
784 378 881 439 doma.
1143 396 1179 444 78

163 572 182 608 a
237 559 355 610 onore.
380 547 462 609 Vnde
476 549 507 607 in
523 547 650 608 nefanda
665 549 816 625 specimen
833 550 986 627 egregium
1003 548 1118 610 domo?
1140 563 1176 613 80

194 632 273 693 unde
287 633 342 693 ista
359 632 462 711 generi
478 632 562 709 uirgo
579 631 728 693 dissimilis
743 635 815 694 sno?

194 716 311 778 fortuna
328 718 443 779 credis?
466 716 573 797 aliquis
590 726 634 778 est
652 736 689 779 ex
703 736 751 779 me
767 719 844 795 pins.

194 819 253 861 non
270 808 347 863 esset
362 819 517 881 umquam,
535 801 593 861 iata
610 800 688 863 bene
702 803 774 862 noui
789 820 872 869 mea,

194 886 250 947 nisi
266 894 297 947 ut
312 895 443 948 noceret.
469 888 532 964 ipsa
549 905 580 947 se
596 886 625 946 in
642 885 724 965 leges
739 903 834 947 nonas

194 980 299 1031 natura
315 978 422 1040 uertet,
438 978 558 1049 regeret
572 973 603 1030 in
619 971 730 1031 iontem
747 972 818 1031 citas

193 1054 349 1115 reuolutus
364 1055 458 1116 undas
472 1057 567 1115 amnis
583 1063 613 1115 et
628 1062 745 1117 noctem
761 1054 876 1117 adieret

194 1138 328 1218 phoebea
344 1139 466 1219 lampas,
482 1140 633 1219 Hesperus
648 1141 738 1201 faciet
753 1140 841 1202 diem.
886 1160 891 1170 ·

158 1225 184 1284 n'
239 1225 275 1284 Vt
289 1224 325 1284 ad
342 1225 476 1286 miserias
491 1224 599 1304 aliquid
616 1224 739 1286 accedat
753 1243 844 1295 meas,

193 1310 234 1387 pii
249 1327 367 1390 qnoque
383 1311 503 1371 erimus.
534 1311 621 1370 unica
638 1308 807 1389 Oedipodae
823 1311 870 1371 est
882 1308 961 1371 salus

193 1410 253 1453 non
270 1412 335 1454 esse
351 1393 475 1455 saluum.
499 1393 586 1455 iiceat
602 1392 704 1455 ulcisci
720 1402 835 1473 patrem

194 1478 291 1547 adimo
306 1479 442 1540 inuitum.
471 1478 572 1539 dextra
589 1478 660 1557 quid
677 1496 775 1539 cessas
790 1482 871 1540 iners

193 1564 312 1641 exigere
328 1564 458 1642 poenas?
481 1564 620 1644 quicquid
636 1572 773 1625 exactum
790 1572 835 1625 est
850 1562 946 1625 adhuc

192 1649 281 1708 matri
296 1648 410 1709 dedisti.
437 1649 520 1709 mitte
536 1649 679 1727 genitoris
694 1666 816 1709 manum

193 1733 324 1793 animosa
340 1734 441 1809 uirgo:
458 1732 546 1794 funus
562 1732 697 1793 extendis
711 1751 811 1793 meum

192 1813 355 1896 longasque
371 1818 431 1877 uini
447 1817 530 1877 ducis
547 1818 687 1895 exequias
701 1818 804 1895 patris.

162 1910 181 1960 b
237 1900 400 1979 Aliquando
416 1908 495 1962 terra
512 1919 621 1979 corpus
636 1903 766 1962 inuisum
781 1910 857 1980 tege.

192 2002 300 2063 peccas
315 1985 438 2047 honesta
455 1994 563 2055 mente,
579 1988 719 2063 pietatem
735 2005 825 2048 uocas

193 2076 309 2147 patrem
325 2069 504 2149 insepultum
522 2070 651 2132 trahere.
677 2072 729 2148 qni
744 2073 822 2149 cogit
837 2070 915 2131 mori

194 2153 345 2214 nolentem
360 2154 391 2213 in
408 2172 502 2234 aequo
519 2162 563 2214 est
578 2156 688 2233 quique
704 2162 914 2233 properantem
931 2156 1059 2235 inpedit.
1153 2181 1186 2230 99

195 2255 251 2299 nec
267 2245 365 2298 tamen
381 2241 412 2299 in
427 2256 522 2318 aequo
538 2245 596 2298 est:
614 2238 739 2299 aiterum
756 2239 875 2316 granius
890 2257 977 2300 reor:
1136 2265 1184 2314 101
1246 2281 1247 2318 p

193 2322 270 2382 malo
286 2323 427 2400 imperari
443 2341 530 2403 quam
548 2324 621 2402 eripi
638 2332 764 2383 mortem
780 2322 862 2383 mihi.
1135 2350 1184 2399 102
1246 2321 1247 2386 3

193 2406 330 2467 occidere
345 2415 390 2467 est
405 2416 507 2468 uetare
523 2409 693 2486 cupientem
710 2408 796 2468 mori.
903 2482 906 2487 Ι
1134 2435 1184 2483 100
1246 2405 1247 2486 f

152 2490 180 2547 b'
235 2490 349 2553 Desiste
366 2500 471 2571 coepto
486 2492 585 2570 uirgo:
605 2494 651 2552 ins
667 2494 745 2553 uitae
760 2510 795 2552 ac
811 2493 895 2552 necis·

192 2594 275 2636 meae
290 2594 382 2655 penes
397 2595 445 2637 me
461 2582 514 2637 est.
543 2592 636 2653 regna
652 2577 771 2637 deserni
786 2576 892 2645 libens,
1067 2589 1091 2631 R
1105 2588 1212 2630 ΧΧΧΧΠ

192 2678 317 2739 regnum
333 2662 392 2721 mei
406 2662 531 2721 retineo.
560 2662 585 2720 si
600 2660 657 2721 fida
674 2680 705 2721 es
721 2680 837 2723 comes:
1133 2680 1181 2729 105

193 2757 294 2806 ensem
310 2747 427 2824 parenti
443 2745 536 2815 trade,
553 2745 605 2806 sed
621 2754 724 2806 notum
740 2764 814 2806 neec

193 2847 293 2891 ensem
309 2840 442 2909 paterna.
469 2829 562 2891 tradis
578 2848 613 2890 an
630 2831 711 2907 gnati
727 2838 827 2891 tenent

192 2932 259 2974 cum
274 2932 368 2991 regno
385 2920 414 2975 et
428 2913 530 2978 illumi
553 2915 640 2975 iaoiet
654 2914 835 2993 ubicumque
850 2922 896 2976 est
911 2932 995 2994 opus.

191 3002 252 3059 illis
266 2997 413 3075 relinquo,
430 3007 535 3076 gnatus
550 2998 630 3060 hunc
645 2999 753 3059 habeat
768 3018 861 3069 meus,

192 3083 244 3143 sed
261 3091 397 3163 uterque.
1130 3101 1181 3149 110

260 3236 292 3285 78
305 3238 417 3301 pectore
432 3237 455 3285 A
469 3236 509 3285 lm
525 3238 552 3287 in
569 3253 623 3287 raa.
643 3236 741 3287 rubore
759 3252 828 3289 corr.
845 3234 1111 3303 exrnboroE11179

191 3304 249 3352 uide
262 3304 299 3353 ad
309 3320 332 3354 u.
348 3306 396 3353 199
412 3298 423 3368 Η
440 3306 474 3354 94
487 3306 612 3355 animose
624 3304 649 3354 E
667 3304 726 3367 (sed
735 3308 780 3357 ult.
793 3306 943 3358 litterator.
956 3321 989 3355 m.
1003 3306 1031 3369 2)
1050 3304 1063 3370 Η
1079 3306 1111 3355 96

192 3370 376 3434 eliprqnando
395 3372 420 3419 E
436 3367 447 3437 Η
464 3373 512 3423 100
528 3379 589 3436 poet
600 3390 624 3424 u.
642 3374 689 3422 102
709 3369 907 3439 collocantiss99.
922 3374 971 3423 190
989 3375 1016 3422 tn
1027 3389 1110 3437 marp.

190 3440 308 3501 {epuratur
321 3439 342 3488 R
354 3436 366 3505 Η
379 3440 427 3489 108
440 3438 530 3489 scelus
543 3440 567 3488 A
586 3454 655 3504 opus
667 3440 692 3489 E
703 3434 715 3505 Η
728 3442 777 3492 109
789 3440 829 3489 ibi
842 3441 879 3489 sit
891 3455 913 3489 oo
925 3456 995 3491 corr.
1008 3441 1074 3493 ItP.
1088 3437 1099 3504 Η
