2550 3917
410 207 413 211 '
499 195 697 243 PRAEFATIO
991 196 1069 243 XVII

130 364 186 437 quis
202 360 272 417 iare
288 366 432 415 nostras
448 356 592 415 hauserit
607 372 686 413 casus
702 362 775 411 rates
791 355 816 411 Α
840 354 888 411 ΗΠ
905 355 943 410 71
960 354 1069 411 nimbos

43 508 44 517 ,
129 449 194 521 rapit
209 446 237 501 E
256 462 283 501 n.
300 445 412 500 trahit
427 440 453 497 Α
469 440 528 499 123
544 440 641 514 patriis
656 440 792 496 messibus
808 440 836 494 Ε
849 442 964 513 patriae
979 457 1070 497 moe·

129 528 273 587 nibusA
312 527 371 585 151
394 526 514 583 membra
535 526 563 581 E
591 526 788 581 monstrati
824 524 885 580 222
913 543 964 599 pro
988 542 1071 581 saeue

129 618 207 672 decor
227 614 256 669 E
289 630 315 687 p.
339 631 362 668 s.
385 610 489 668 dolor
511 610 537 667 Α
557 609 601 682 (ct.
626 610 697 682 236)
728 609 789 666 252
812 608 892 665 fletus
914 612 1071 684 insequitur

43 760 44 767 χ
130 699 256 756 minasE
281 698 298 752 f.
322 699 374 753 ins.
396 695 547 771 genasA
577 694 637 752 393
654 712 706 751 uec
720 693 766 750 ilia
781 711 868 751 uenus
884 694 970 757 estE
998 712 1071 751 ma·

43 774 44 823 3
129 784 245 857 iisque
269 782 382 837 miuus
408 789 450 836 est
474 782 498 836 Α
533 780 596 835 Tro.
622 778 683 835 425
708 780 900 853 quodcumque
926 780 1024 836 accidit
1045 779 1074 833 Ε

131 870 230 926 Troia
247 866 384 923 concidit
400 866 425 921 Α
455 863 515 920 441
534 864 637 920 conditi
652 864 708 920 dite
725 872 824 921 exeunt
840 865 868 920 Ε
896 883 920 922 c.
937 864 1072 921 tumulo

131 961 235 1010 eieuut.
265 950 357 1007 Multis
373 951 490 1025 denique
505 950 575 1007 locis
591 950 709 1023 genuina
724 956 822 1023 poetae
837 948 922 1005 uerba
938 949 1074 1023 iuterpre-

133 1039 256 1094 tamentis
279 1038 402 1092 extrusit.
447 1034 491 1091 Sic
506 1036 556 1107 Ag.
575 1034 635 1091 187
657 1034 803 1108 Lyrnesida
818 1034 848 1089 Ε
874 1032 1075 1091 BriseidaA

131 1124 178 1179 H11
199 1122 258 1181 201
286 1128 436 1195 natumque
458 1126 538 1175 sonat
559 1118 658 1175 debitis
674 1114 809 1175 atthis'u
834 1136 861 1173 n.
877 1137 898 1177 s.
916 1119 934 1175 i.
950 1117 1076 1193 ItymA

133 1205 206 1265 034
228 1205 373 1263 incolumis
390 1204 477 1262 adsto.
494 1204 598 1260 scilicet
619 1204 648 1258 Ε
676 1204 727 1259 inc.
745 1220 827 1277 ergo
843 1203 989 1261 scilicetA
1019 1203 1039 1258 Τ
1056 1201 1074 1258 9

132 1301 177 1349 aut
191 1306 279 1366 poena
290 1290 361 1364 Tityi
379 1292 424 1363 qui
442 1304 524 1362 specu
540 1296 619 1345 uasto
636 1296 732 1362 patens
742 1289 777 1351 Ε,
794 1296 822 1345 at
836 1290 861 1344 Α
877 1289 951 1345 nulla
966 1297 1077 1345 senten·

134 1380 183 1433 tiae
199 1378 307 1431 ratione
323 1375 427 1431 habita:
451 1390 474 1428 a.
490 1391 517 1447 p.
539 1373 567 1428 T.
585 1389 946 1447 semperaccrescens
969 1374 1075 1429 iecur.

132 1460 249 1535 spuet
267 1459 365 1515 cecidit
380 1458 504 1514 inlucem
521 1458 597 1514 inror
608 1465 754 1531 postquam
770 1454 878 1513 litatum
895 1465 937 1514 est
952 1458 999 1513 illo
1016 1456 1044 1529 (i.
1052 1474 1076 1513 e.

132 1544 190 1617 llio)
206 1542 334 1600 Phoebus
350 1544 419 1599 redit
435 1542 475 1605 Ε,
498 1544 524 1597 in
540 1543 564 1597 Α
580 1541 663 1597 uerba
679 1538 723 1597 ‘in
739 1540 846 1598 iucem'
862 1543 978 1616 repetita
1000 1550 1078 1597 eraut

134 1630 163 1685 aii
181 1626 288 1685 ‘redit'
306 1635 334 1684 et
349 1628 388 1683 eis
401 1630 520 1701 receptis
536 1644 590 1683 uon
607 1626 690 1683 ‘llio'
706 1633 749 1683 est
764 1627 877 1684 extrita:
893 1635 985 1701 postq.
1002 1626 1020 1682 1.
1036 1635 1079 1683 est

43 1762 44 1793 q
133 1712 556 1770 Phoebusiquoemredit.

198 1798 270 1854 Satis
286 1805 393 1853 constat
407 1799 435 1851 iu
451 1796 626 1854 recensendis
642 1804 669 1851 et
684 1796 859 1853 emendandis
876 1796 1024 1871 tragoediis
1045 1796 1079 1852 ab

43 1892 44 1939 ἕ
134 1884 163 1939 Ε
177 1883 345 1939 recensionis
361 1884 409 1937 be.
424 1880 562 1937 florentini
575 1880 676 1937 codicis
691 1881 865 1954 potissimum
881 1882 1000 1937 lectione
1015 1898 1080 1955 pro·

43 1958 44 1967 ¹
135 1966 310 2025 fioisceudnm
337 1982 412 2029 esse,
442 1966 543 2040 quippe
571 1981 642 2038 quae
665 1983 722 2022 nou
749 1966 839 2022 solum
865 1974 1005 2022 uetustate
1033 1966 1081 2021 sed

136 2052 277 2127 diligentia
304 2052 385 2107 etiam
415 2059 443 2105 et
468 2050 520 2105 fide
541 2050 625 2123 ionga
652 2059 764 2123 superet
790 2050 910 2107 alteram.
954 2051 1080 2106 Attamen

137 2138 261 2211 quamuis
283 2153 386 2192 summa
408 2133 445 2191 sit
460 2134 523 2190 libri
544 2134 708 2191 laurentiani
729 2137 891 2198 auctoritas,
922 2153 970 2192 eos
993 2145 1082 2191 tamen

136 2221 315 2277 uehementer
329 2228 470 2277 erraturos
485 2235 546 2275 esse
560 2218 696 2276 credimus
712 2221 793 2294 siqui
809 2222 894 2276 careri
906 2237 989 2294 posse
1003 2219 1082 2276 libris

137 2304 297 2378 uolgaribus
312 2305 444 2361 auderent
460 2303 604 2359 affirmare.
628 2306 669 2359 An
684 2304 730 2360 uei
745 2304 988 2378 prudentissimum
1000 2304 1083 2360 libra·

43 2432 44 2439 ,
139 2390 208 2445 rium
230 2390 293 2445 dum
311 2390 447 2463 exemplar
462 2389 592 2444 describit
613 2387 647 2444 ab
667 2389 729 2462 ipso
745 2397 826 2463 poeta
848 2406 880 2445 eo
896 2406 951 2463 quo
972 2389 1083 2445 demon·

137 2473 289 2529 strauimus
306 2473 386 2529 modu
403 2475 576 2547 conpositum
597 2480 625 2530 et
646 2473 742 2529 alienis
757 2474 949 2530 additamentis
964 2482 1083 2535 auctum.

43 2564 44 2639 ᾖ
135 2575 172 2613 ue
194 2559 222 2611 in
237 2554 332 2611 multis
354 2567 456 2613 erraret
477 2560 544 2614 satis
565 2574 664 2615 cauere
685 2559 809 2631 potuisse
825 2558 952 2633 putabis?
975 2558 1028 2613 Sed
1043 2558 1085 2613 iac

43 2652 44 2711 ζ
136 2656 203 2698 raro
225 2638 271 2695 uel
287 2655 434 2713 numquam
455 2656 515 2697 eum
531 2658 653 2703 errasse,
674 2643 729 2698 hoc
743 2650 831 2699 tamen
847 2659 903 2698 nou
918 2645 1022 2715 poterit
1037 2659 1084 2697 ne·

136 2726 216 2801 glegi
245 2722 367 2781 melioris
394 2727 559 2783 recensionis
586 2726 723 2799 exemplar
750 2727 822 2799 quod
847 2743 932 2782 uuum
959 2734 1087 2801 superest

136 2810 310 2883 descriptum
330 2825 391 2865 esse
413 2826 445 2866 eo
462 2811 571 2868 saeculo
593 2827 648 2886 quo
672 2810 775 2866 foedari
796 2809 882 2867 libros
898 2811 984 2883 magis
1005 2827 1086 2885 qnam

137 2904 220 2951 antea
240 2900 354 2968 coeptos
376 2910 437 2951 esse
457 2904 573 2953 constat.
610 2896 707 2967 Quare,
721 2897 884 2969 scripturam
904 2896 967 2953 iibri
988 2894 1087 2953 doren-

139 2981 192 3036 tini
219 2981 247 3035 in
272 2980 366 3035 multis
387 2980 419 3035 ab
442 2997 475 3037 eo
497 2981 591 3039 codice
613 2982 660 3055 qui
687 2982 793 3055 primus
819 2990 878 3038 erat
897 2981 956 3038 eius
983 2982 1087 3038 ordinis

138 3064 309 3137 degenerare
335 3066 459 3138 potuisse
487 3084 548 3122 cum
574 3082 624 3139 per
652 3081 683 3121 se
709 3066 787 3123 facile
814 3066 997 3141 intellegitur,
1030 3074 1088 3122 tum

137 3151 300 3223 conparatio
321 3150 448 3207 instituta
466 3152 540 3207 inter
560 3150 625 3207 folia
643 3150 690 3207 ilia
709 3151 881 3208 ambrosiana
900 3152 1023 3225 uulgaris
1044 3151 1089 3207 uei

139 3236 223 3290 etiam
238 3233 373 3307 fragmina
390 3236 506 3292 thuanea
521 3234 634 3293 alterius
650 3237 820 3293 recensionis
839 3244 868 3293 et
883 3236 983 3293 librum
999 3244 1089 3293 etrus·

43 3338 45 3385 3
139 3335 204 3375 cum
224 3319 345 3375 ostendit
365 3310 450 3378 muita¹
471 3338 539 3395 quae
561 3321 626 3377 oiim
648 3324 751 3379 rectius
771 3322 935 3395 legebantur
956 3321 1088 3377 acodicis

139 3401 279 3461 florentini
295 3404 406 3461 librario
427 3405 574 3479 deprauata
590 3422 659 3463 esse.
696 3407 774 3464 Etru
795 3425 859 3464 nera
881 3406 952 3462 baud
973 3407 1011 3461 ita
1027 3421 1090 3460 raro

195 3517 318 3553 sunnone
334 3518 416 3558 ruso.
871 3506 888 3562 b
