2550 3917
173 156 236 221 282
461 174 491 218 n.
509 173 641 219 anunm
657 170 814 219 sennenn

175 313 244 373 boc
261 311 386 371 iacere
403 312 508 371 lason
526 312 667 387 potuit?
691 317 794 388 erepto
810 317 894 387 patre

176 397 270 475 patria
286 403 374 474 atque
390 413 483 472 regno
499 395 619 456 sedibus
634 394 727 454 sciam
744 396 852 455 exteris

176 480 333 540 deserere?
356 481 447 540 durus
463 482 566 539 merita
585 480 763 556 contempsit
777 497 842 539 mea

175 567 225 643 qui
241 564 353 625 sceiere
368 562 501 624 flammas
516 564 633 624 uiderat
648 566 728 623 uinci
744 572 772 623 et
787 565 886 625 marei

175 650 287 710 adeone
303 648 404 709 credet
418 666 506 709 omne
522 656 731 725 consumptum
746 649 849 708 nefas?

141 735 166 793 α’
219 735 335 794 lncerta
350 751 474 793 uaecors
491 743 589 793 mente
605 750 732 792 uaesana
748 732 829 791 feror

174 828 273 895 partes
288 819 317 876 in
334 835 451 886 omnes,
468 818 546 878 unde
562 836 608 878 me
624 815 726 877 ulcisci
742 819 866 895 queam?

175 904 285 962 utinam
302 909 379 962 esset
394 902 436 962 iili
453 903 554 963 irater.
586 910 629 961 est
646 903 789 961 coniunx:
813 903 842 962 in
859 903 935 962 banc

176 987 287 1047 terrum
304 988 445 1062 exigatur.
465 1022 502 1031 —
520 986 577 1045 boc
593 987 666 1045 meis
682 986 750 1044 satis
766 994 810 1044 est
825 985 927 1046 malis?

160 1072 199 1129 'si
215 1070 295 1149 quod
310 1070 447 1149 pelasgae
464 1072 487 1131 si
504 1070 582 1147 quod
600 1069 685 1130 urbis
700 1068 846 1130 barbarae

175 1174 286 1216 nouere
303 1156 416 1215 facinus
431 1156 596 1233 quod-tuae
612 1155 750 1231 ignorant
766 1172 886 1222 manus,

174 1258 253 1300 nunc
270 1247 313 1299 est
328 1240 501 1316 parandum.
533 1238 680 1299 sceiere
696 1245 725 1297 te
743 1237 899 1298 hortentur
915 1246 964 1299 tua

175 1333 203 1384 et
219 1332 324 1384 cuncta
340 1324 478 1383 redeant:

531 1406 665 1467 lnelitum
682 1408 766 1483 regni
782 1405 873 1466 decus

175 1499 292 1569 raptum
309 1500 338 1552 et
354 1491 498 1551 netandae
513 1492 638 1566 uirginis
654 1508 764 1567 paruus
780 1508 880 1549 cemes

175 1577 287 1637 diuisus
304 1594 374 1637 ense
391 1578 478 1637 sunus
494 1577 644 1651 ingestum
662 1576 740 1652 patri

174 1679 369 1739 sparsumque
385 1666 476 1738 ponto
494 1678 604 1738 corpus
620 1666 651 1719 et
665 1658 763 1719 Peliae
779 1660 858 1719 senis

176 1746 296 1806 decocta
313 1763 387 1804 aeno
404 1744 547 1804 membra.
578 1744 728 1803 funestum
743 1744 823 1820 inpie

176 1847 263 1906 quam
279 1847 367 1907 saepe
383 1828 445 1888 iudi
461 1829 645 1905 sanguinem.
677 1834 707 1885 et
720 1826 975 1887 nniium'scclus

175 1916 248 1974 irata
266 1913 336 1981 ieci,
354 1914 448 1973 saeuit
462 1911 563 1973 inielix
579 1929 672 1971 amor.

141 2022 158 2055 a
220 1997 314 2068 Quid
332 2004 452 2056 tamen
468 1998 574 2057 lason
592 1996 713 2073 potuit
727 1993 816 2055 alieni
831 1996 935 2056 arbitri

174 2082 306 2158 iurisque
320 2081 432 2140 iactus?
451 2117 485 2125 —
505 2080 605 2141 debuit
621 2080 701 2138 ierrn
718 2078 838 2139 obuium

176 2166 283 2225 oiierre
299 2173 412 2242 pectus.
433 2200 467 2209 -
485 2165 590 2226 melius
606 2164 644 2223 ab
660 2162 765 2223 meiius
780 2163 864 2223 dolor

176 2249 286 2309 furiose
302 2249 432 2327 loquere.
464 2252 488 2308 si
504 2256 602 2327 potest
617 2250 699 2308 uiuat
714 2265 798 2308 meus

175 2342 208 2393 ut
223 2333 278 2393 init
291 2333 393 2401 lason,
411 2334 433 2391 si
451 2336 561 2400 minus,
579 2334 662 2391 uiuat
676 2341 775 2392 tamen

176 2436 349 2496 memorque
366 2420 457 2477 nostri
472 2418 706 2494 muneri'parcat
721 2434 786 2476 men

142 2595 171 2645 αθ
220 2585 310 2664 Culpa
328 2593 371 2645 est
387 2587 519 2647 Creontis
534 2594 593 2645 tota
610 2587 659 2661 qui
675 2594 792 2663 sceptro
808 2585 944 2662 inpotens

177 2671 311 2747 coniugia
328 2670 416 2731 sciuit
432 2672 540 2749 quique
557 2670 737 2746 genetricem
755 2667 897 2729 abstrahit

177 2756 273 2833 gnatis
290 2762 318 2815 ct
334 2763 397 2815 arto
415 2756 540 2832 pignore
557 2754 726 2814 adstrictam
742 2752 830 2812 fidem

245 3043 293 3090 118
311 3042 382 3091 haec
403 3042 425 3089 A
445 3040 497 3089 boc
515 3037 563 3103 ΕΗ
577 3042 624 3089 122
645 3038 733 3088 credit
750 3040 775 3088 Α
796 3039 890 3089 credet
907 3036 957 3106 ΕΗ
970 3042 1018 3090 123
1037 3055 1094 3089 non

176 3124 245 3157 sana
264 3110 289 3157 A
307 3123 412 3158 ueeana
431 3107 456 3155 Ε
472 3103 483 3172 Η
502 3108 550 3155 126
568 3108 638 3157 haec
658 3123 677 3155 α
699 3107 751 3156 hcc
769 3116 809 3169 ψε
825 3104 837 3171 ΙΙ
854 3110 902 3158 129
920 3107 1094 3173 patrandum

176 3178 207 3225 ci.
228 3175 276 3227 Bo.
301 3172 312 3241 {l
338 3178 385 3225 132
404 3177 540 3224 incastum
557 3175 584 3224 A
608 3174 780 3238 infestamus
802 3176 941 3239 ingestum
959 3176 985 3224 Ε
1007 3172 1020 3240 Η
1045 3176 1094 3226 lat

175 3243 232 3292 uidi
251 3244 276 3292 E
302 3242 361 3291 sudi
379 3243 404 3292 Α
427 3237 438 3305 Η
463 3247 492 3291 at
511 3259 529 3292 α
552 3238 564 3307 b
588 3244 636 3291 136
657 3249 718 3304 port
735 3242 792 3291 feci
809 3245 858 3292 dato
876 3243 1031 3293 hemistichia
1047 3244 1094 3293 de·

176 3326 231 3359 ecre
250 3317 323 3373 putat
343 3310 415 3361 DHa.
435 3306 446 3374 ΙΙ
464 3313 512 3360 139
532 3309 632 3360 afferre
650 3309 675 3357 Ε
692 3308 793 3359 offerre
811 3312 837 3359 Α
857 3306 869 3376 b
891 3327 925 3360 nc
944 3311 968 3359 Ε
986 3310 1023 3359 ab
1040 3310 1066 3359 A
1084 3310 1095 3376 ΙΙ

176 3379 225 3491 tw}
242 3378 394 3508 anonam.
414 3379 520 3427 muneri
539 3391 656 3442 parcam
674 3392 734 3426 meo
752 3380 784 3427 ci.
804 3378 882 3427 Gran.
907 3382 1022 3429 manaan
1038 3384 1094 3427 eta-

188 3460 212 3492 m
267 3479 272 3490 .
301 3486 305 3495 .
