2550 3917
440 220 623 269 nuncupes
648 208 814 289 [evaeus]

367 361 469 422 Pastor
486 360 581 437 gelida
598 378 669 421 cana
685 362 790 438 pruina

255 476 261 485 ·
324 464 414 523 grege
431 446 550 505 dimisso
567 444 674 523 pabula
691 450 797 523 carpit.

323 530 397 589 ludit
412 538 495 607 prato
512 529 587 589 liber
603 537 705 606 aperto

323 616 453 675 nonduin
470 622 556 692 rupta
574 614 673 674 fronte
688 616 842 674 iuuencos.

322 717 433 759 uacuae
449 706 589 777 reparant
604 698 696 757 ubera
712 708 832 758 matres.

325 791 404 843 errat
420 801 507 843 cursu
525 782 601 843 leuis
616 785 729 843 incerto

324 868 404 928 molli
421 867 557 945 petulans
573 868 685 927 haedus
699 870 731 926 in
747 867 840 927 herba

365 1020 476 1080 Pendet
492 1038 608 1081 summo
626 1019 748 1079 stridula
765 1037 849 1079 raruo

322 1206 492 1267 pennasque
507 1206 587 1247 nouo
603 1188 720 1248 tradere
737 1188 791 1247 soli

324 1276 411 1349 gestit
426 1271 564 1351 querulos
578 1275 656 1332 inter
672 1272 757 1332 nidos

323 1358 435 1417 thracia
452 1357 556 1435 paelex

324 1442 469 1519 turbaque
486 1444 565 1503 eirca
582 1441 703 1501 conlusa
720 1450 805 1502 sonat

323 1544 476 1586 rnurnaure
493 1527 584 1585 mixto
602 1534 705 1586 testata
723 1526 810 1587 diern.

327 1607 482 1695 [carbasa]

366 1763 465 1823 Credit
480 1762 585 1822 dubius
600 1764 699 1823 nauita
717 1760 825 1843 [uitae]
842 1764 938 1821 uentis

325 1846 406 1906 laxos
422 1864 493 1906 aura
511 1846 677 1922 complente
693 1849 784 1907 sinus.

324 1930 373 1991 bic
389 1934 483 1990 exesis
498 1931 633 2010 pendens
649 1931 779 2008 scopulis

325 2026 375 2075 aut
390 2015 531 2093 deceptos
546 2016 665 2075 instruit
681 2017 784 2075 hamos

325 2107 375 2159 aut
389 2117 551 2176 suspensus

326 2192 439 2263 spectat
453 2201 555 2262 pressa
574 2185 703 2261 praemia
720 2182 830 2243 dextra.

327 2270 414 2328 sentit
429 2268 587 2328 trcrnulurn
604 2266 680 2327 linea
697 2270 818 2345 piscem„

369 2420 447 2481 llaec
463 2422 607 2480 innocuae
624 2420 732 2499 quibus
748 2428 792 2480 est
807 2421 884 2480 uitae

326 2504 480 2582 tranquilla
497 2508 581 2585 quies

329 2597 357 2649 et
372 2588 446 2649 laeta
463 2608 516 2649 suo
532 2608 689 2668 paruoque
703 2589 817 2650 (lomus

327 2673 445 2734 turbine
462 2690 567 2748 magno
584 2692 652 2759 spes
667 2675 792 2733 inmanis
811 2669 889 2756 [spes
902 2690 935 2733 so
937 2670 1062 2757 llicitue]

325 2757 449 2818 urbibus
466 2765 567 2817 errant
583 2748 748 2836 trepidique
764 2767 867 2817 metus.

237 2920 300 2976 post
317 2928 340 2961 u.
361 2910 409 2960 146
426 2925 525 2959 uersum
544 2912 673 2959 excidisse
691 2911 789 2959 conieci
810 2905 821 2974 ll
852 2911 900 2958 150
919 2909 993 2957 circo.
1011 2908 1089 2959 EVG

168 2980 274 3029 triten
299 2980 400 3027 circum
415 2979 439 3027 A
463 2974 475 3043 ll
501 2980 548 3027 152
567 2979 616 3027 153
635 2977 760 3026 Carbasa
778 2977 869 3026 uentis
888 2993 912 3027 e
925 2976 951 3025 d.
965 2993 991 3029 n
1009 2980 1087 3026 uitae

169 3065 191 3097 ω
210 3048 446 3110 ralerpretamenlir
464 3047 503 3094 bis
527 3044 651 3093 Carbasa
670 3052 695 3094 et
720 3045 796 3092 uitae
816 3046 906 3093 deletis
933 3045 1024 3093 uentis
1042 3061 1087 3094 suo

170 3122 227 3165 loco
246 3116 350 3163 restitui
377 3110 389 3179 ll
419 3114 468 3161 154
487 3127 553 3161 auro
573 3128 594 3177 φ
619 3110 629 3177 ll
655 3115 703 3162 159
720 3112 822 3159 lineam
840 3111 873 3161 V¹
893 3112 997 3176 spicem
1014 3112 1047 3161 V¹
1065 3110 1077 3177 ll

171 3184 221 3231 162
241 3184 302 3231 add.
317 3196 379 3260 spes
398 3181 453 3229 iarn
467 3181 575 3243 magnis
588 3180 695 3244 Endpp
713 3195 776 3244 spes
790 3181 844 3228 iam
858 3181 948 3243 magis
967 3183 1008 3229 uel
1024 3196 1089 3245 spes

169 3250 267 3300 iamin
286 3249 360 3312 agris
378 3249 479 3298 Viam
497 3263 560 3311 spes
574 3249 662 3311 magis
679 3246 711 3295 Τ2
733 3262 797 3310 spes
816 3250 843 3295 in
862 3248 970 3311 magnis
985 3248 1006 3296 G
1024 3264 1086 3311 spes

168 3318 198 3367 in
218 3317 361 3381 agrisll'
353 3331 407 3363 ram
421 3330 484 3380 spes
497 3330 525 3363 rn
539 3330 613 3379 agris
626 3316 696 3378 Mop.
721 3330 784 3379 spes
798 3317 845 3364 et
838 3332 866 3363 rn
885 3316 997 3379 agrisA
1022 3331 1089 3379 spes

168 3386 320 3433 immanes
339 3384 448 3432 BScdnr.
479 3398 543 3446 spes
567 3384 687 3430 inmanis
703 3383 797 3445 scripsi
818 3390 843 3432 et
862 3386 1011 3446 transposui
1028 3389 1089 3445 post

167 3470 192 3501 u.
212 3455 280 3501 163⁰
302 3447 316 3516 ll
340 3452 388 3501 163
407 3449 550 3500 CHORVS
570 3450 594 3498 A
621 3450 743 3499 Turbine
757 3464 856 3514 magno
871 3465 933 3513 spes
948 3448 1085 3497 sollicitae

167 3520 194 3569 A
215 3535 263 3569 om.
277 3520 337 3582 adp
355 3519 451 3584 aliquot
470 3518 533 3569 Patr.
553 3516 587 3567 Ε1
608 3520 693 3569 udscr.
713 3522 738 3566 in
756 3532 802 3580 my.
824 3516 868 3566 13².
897 3519 962 3564 idem
980 3523 1039 3562 ante
1061 3532 1089 3564 u.
