<?xml version="1.0" encoding="UTF-8"?>
<!DOCTYPE html PUBLIC "-//W3C//DTD XHTML 1.0 Transitional//EN"
    "http://www.w3.org/TR/xhtml1/DTD/xhtml1-transitional.dtd">
<html xmlns="http://www.w3.org/1999/xhtml" xml:lang="en" lang="en">
 <head>
  <title>
</title>
<meta http-equiv="Content-Type" content="text/html;charset=utf-8" />
  <meta name='ocr-system' content='tesseract 3.04.00' />
  <meta name='ocr-capabilities' content='ocr_page ocr_carea ocr_par ocr_line ocrx_word'/>
</head>
<body>
  <div class='ocr_page' id='page_1' title='image "./lannaeisenecaet00richgoog_0132.png"; bbox 0 0 2550 3917; ppageno 0'>
   <div class='ocr_carea' id='block_1_1' title="bbox 526 175 1072 239">
    <p class='ocr_par' dir='ltr' id='par_1_1' title="bbox 526 175 1072 239">
     <span class='ocr_line' id='line_1_1' title="bbox 526 175 1072 239; baseline 0.007 -4"><span class='ocrx_word' id='word_1_1' title='bbox 526 188 706 237; x_wconf 79' lang='lat' dir='ltr'><strong>ruunsrrcs</strong></span> <span class='ocrx_word' id='word_1_2' title='bbox 1032 175 1072 239; x_wconf 75' lang='lat'><strong>79</strong></span> 
     </span>
    </p>
   </div>
   <div class='ocr_carea' id='block_1_2' title="bbox 112 327 1140 1255">
    <p class='ocr_par' dir='ltr' id='par_1_2' title="bbox 117 327 1139 484">
     <span class='ocr_line' id='line_1_2' title="bbox 154 327 1139 406; baseline -0.001 -16"><span class='ocrx_word' id='word_1_3' title='bbox 154 344 237 391; x_wconf 79' lang='grc' dir='ltr'><strong>ΤΒΥ.</strong></span> <span class='ocrx_word' id='word_1_4' title='bbox 261 346 361 389; x_wconf 87' lang='lat' dir='ltr'><strong>meum</strong></span> <span class='ocrx_word' id='word_1_5' title='bbox 378 347 443 389; x_wconf 89' lang='lat' dir='ltr'><strong>esse</strong></span> <span class='ocrx_word' id='word_1_6' title='bbox 459 327 565 396; x_wconf 85' lang='lat' dir='ltr'><strong>credo,</strong></span> <span class='ocrx_word' id='word_1_7' title='bbox 582 328 721 406; x_wconf 89' lang='lat' dir='ltr'><strong>quicquid</strong></span> <span class='ocrx_word' id='word_1_8' title='bbox 737 336 795 396; x_wconf 88' lang='lat' dir='ltr'><strong>est,</strong></span> <span class='ocrx_word' id='word_1_9' title='bbox 812 328 918 399; x_wconf 89' lang='lat' dir='ltr'><strong>frater,</strong></span> <span class='ocrx_word' id='word_1_10' title='bbox 935 336 1028 391; x_wconf 90' lang='lat' dir='ltr'><strong>tuum.</strong></span> <span class='ocrx_word' id='word_1_11' title='bbox 1089 349 1139 398; x_wconf 79' lang='lat'><strong>535</strong></span> 
     </span>
     <span class='ocr_line' id='line_1_3' title="bbox 117 411 964 484; baseline -0.001 -10"><span class='ocrx_word' id='word_1_12' title='bbox 117 433 136 483; x_wconf 82' lang='lat' dir='ltr'><strong>d</strong></span> <span class='ocrx_word' id='word_1_13' title='bbox 203 428 282 474; x_wconf 99' lang='grc' dir='ltr'><strong>ΛΤΒ.</strong></span> <span class='ocrx_word' id='word_1_14' title='bbox 306 414 377 484; x_wconf 83' lang='lat' dir='ltr'><strong>Quis</strong></span> <span class='ocrx_word' id='word_1_15' title='bbox 394 411 583 473; x_wconf 88' lang='lat' dir='ltr'><strong>influentis</strong></span> <span class='ocrx_word' id='word_1_16' title='bbox 599 413 677 472; x_wconf 85' lang='lat' dir='ltr'><strong>dona</strong></span> <span class='ocrx_word' id='word_1_17' title='bbox 693 412 829 474; x_wconf 79' lang='lat' dir='ltr'><strong>fortunae</strong></span> <span class='ocrx_word' id='word_1_18' title='bbox 845 414 964 474; x_wconf 76' lang='lat' dir='ltr'><strong>abnuit?</strong></span> 
     </span>
    </p>

    <p class='ocr_par' dir='ltr' id='par_1_3' title="bbox 153 497 1048 577">
     <span class='ocr_line' id='line_1_4' title="bbox 153 497 1048 577; baseline -0.002 -17"><span class='ocrx_word' id='word_1_19' title='bbox 153 514 237 560; x_wconf 81' lang='grc' dir='ltr'><strong>ΤΒΤ.</strong></span> <span class='ocrx_word' id='word_1_20' title='bbox 262 505 403 575; x_wconf 82' lang='lat' dir='ltr'><strong>expertus</strong></span> <span class='ocrx_word' id='word_1_21' title='bbox 419 506 463 559; x_wconf 86' lang='lat' dir='ltr'><strong>cst</strong></span> <span class='ocrx_word' id='word_1_22' title='bbox 477 498 665 577; x_wconf 85' lang='lat' dir='ltr'><strong>quicumque,</strong></span> <span class='ocrx_word' id='word_1_23' title='bbox 683 516 769 576; x_wconf 90' lang='lat' dir='ltr'><strong>quam</strong></span> <span class='ocrx_word' id='word_1_24' title='bbox 786 498 871 559; x_wconf 89' lang='lat' dir='ltr'><strong>facile</strong></span> <span class='ocrx_word' id='word_1_25' title='bbox 888 497 1048 560; x_wconf 75' lang='lat' dir='ltr'><strong>effluant.</strong></span> 
     </span>
    </p>

    <p class='ocr_par' dir='ltr' id='par_1_4' title="bbox 153 580 869 661">
     <span class='ocr_line' id='line_1_5' title="bbox 153 580 869 661; baseline -0.001 -16"><span class='ocrx_word' id='word_1_26' title='bbox 153 599 235 645; x_wconf 91' lang='grc' dir='ltr'><strong>ΛΤΒ.</strong></span> <span class='ocrx_word' id='word_1_27' title='bbox 259 583 382 643; x_wconf 89' lang='lat' dir='ltr'><strong>fratrem</strong></span> <span class='ocrx_word' id='word_1_28' title='bbox 398 584 486 661; x_wconf 90' lang='lat' dir='ltr'><strong>potiri</strong></span> <span class='ocrx_word' id='word_1_29' title='bbox 502 580 585 659; x_wconf 85' lang='lat' dir='ltr'><strong>glor</strong></span> <span class='ocrx_word' id='word_1_30' title='bbox 595 584 625 641; x_wconf 87' lang='lat' dir='ltr'><strong>ia</strong></span> <span class='ocrx_word' id='word_1_31' title='bbox 641 583 754 661; x_wconf 80' lang='lat' dir='ltr'><strong>ingenti</strong></span> <span class='ocrx_word' id='word_1_32' title='bbox 769 584 869 645; x_wconf 84' lang='lat' dir='ltr'><strong>uetasl</strong></span> 
     </span>
    </p>

    <p class='ocr_par' dir='ltr' id='par_1_5' title="bbox 152 665 943 745">
     <span class='ocr_line' id='line_1_6' title="bbox 152 665 943 745; baseline 0.001 -16"><span class='ocrx_word' id='word_1_33' title='bbox 152 683 236 729; x_wconf 81' lang='grc' dir='ltr'><strong>ΤΗΤ.</strong></span> <span class='ocrx_word' id='word_1_34' title='bbox 260 674 310 728; x_wconf 89' lang='lat' dir='ltr'><strong>tua</strong></span> <span class='ocrx_word' id='word_1_35' title='bbox 326 670 384 728; x_wconf 94' lang='lat' dir='ltr'><strong>iam</strong></span> <span class='ocrx_word' id='word_1_36' title='bbox 400 676 518 745; x_wconf 85' lang='lat' dir='ltr'><strong>peracta</strong></span> <span class='ocrx_word' id='word_1_37' title='bbox 535 665 658 744; x_wconf 82' lang='lat' dir='ltr'><strong>gloria</strong></span> <span class='ocrx_word' id='word_1_38' title='bbox 680 675 738 736; x_wconf 88' lang='lat' dir='ltr'><strong>est,</strong></span> <span class='ocrx_word' id='word_1_39' title='bbox 756 674 848 728; x_wconf 91' lang='lat' dir='ltr'><strong>restat</strong></span> <span class='ocrx_word' id='word_1_40' title='bbox 862 684 943 729; x_wconf 90' lang='lat' dir='ltr'><strong>mea:</strong></span> 
     </span>
    </p>

    <p class='ocr_par' dir='ltr' id='par_1_6' title="bbox 112 751 1139 919">
     <span class='ocr_line' id='line_1_7' title="bbox 153 751 1139 832; baseline 0 -19"><span class='ocrx_word' id='word_1_41' title='bbox 153 771 299 832; x_wconf 85' lang='lat' dir='ltr'><strong>respuere</strong></span> <span class='ocrx_word' id='word_1_42' title='bbox 315 760 429 813; x_wconf 90' lang='lat' dir='ltr'><strong>certum</strong></span> <span class='ocrx_word' id='word_1_43' title='bbox 446 759 490 813; x_wconf 87' lang='lat' dir='ltr'><strong>est</strong></span> <span class='ocrx_word' id='word_1_44' title='bbox 504 768 595 829; x_wconf 80' lang='lat' dir='ltr'><strong>regna</strong></span> <span class='ocrx_word' id='word_1_45' title='bbox 612 751 767 823; x_wconf 85' lang='lat' dir='ltr'><strong>consilium</strong></span> <span class='ocrx_word' id='word_1_46' title='bbox 784 752 866 813; x_wconf 89' lang='lat' dir='ltr'><strong>mihi.</strong></span> <span class='ocrx_word' id='word_1_47' title='bbox 1090 770 1139 821; x_wconf 82' lang='lat'><strong>540</strong></span> 
     </span>
     <span class='ocr_line' id='line_1_8' title="bbox 112 836 1057 919; baseline 0.003 -23"><span class='ocrx_word' id='word_1_48' title='bbox 112 847 139 905; x_wconf 73' lang='grc' dir='ltr'><strong>(ι’</strong></span> <span class='ocrx_word' id='word_1_49' title='bbox 198 851 278 898; x_wconf 85' lang='grc' dir='ltr'><strong>ΛΤΒ.</strong></span> <span class='ocrx_word' id='word_1_50' title='bbox 301 836 395 919; x_wconf 64' lang='lat' dir='ltr'><strong>Meam</strong></span> <span class='ocrx_word' id='word_1_51' title='bbox 412 837 592 915; x_wconf 87' lang='lat' dir='ltr'><strong>relinquam,</strong></span> <span class='ocrx_word' id='word_1_52' title='bbox 609 837 665 896; x_wconf 89' lang='lat' dir='ltr'><strong>nisi</strong></span> <span class='ocrx_word' id='word_1_53' title='bbox 680 843 759 898; x_wconf 90' lang='lat' dir='ltr'><strong>tuam</strong></span> <span class='ocrx_word' id='word_1_54' title='bbox 777 844 891 915; x_wconf 90' lang='lat' dir='ltr'><strong>partem</strong></span> <span class='ocrx_word' id='word_1_55' title='bbox 907 839 1057 918; x_wconf 82' lang='lat' dir='ltr'><strong>accipis.</strong></span> 
     </span>
    </p>

    <p class='ocr_par' dir='ltr' id='par_1_7' title="bbox 153 921 946 1001">
     <span class='ocr_line' id='line_1_9' title="bbox 153 921 946 1001; baseline 0 -19"><span class='ocrx_word' id='word_1_56' title='bbox 153 936 238 982; x_wconf 80' lang='grc' dir='ltr'><strong>ΤΗΤ.</strong></span> <span class='ocrx_word' id='word_1_57' title='bbox 261 923 419 1000; x_wconf 89' lang='lat' dir='ltr'><strong>accipio.</strong></span> <span class='ocrx_word' id='word_1_58' title='bbox 443 922 528 999; x_wconf 86' lang='lat' dir='ltr'><strong>regni</strong></span> <span class='ocrx_word' id='word_1_59' title='bbox 542 938 653 981; x_wconf 88' lang='lat' dir='ltr'><strong>nomen</strong></span> <span class='ocrx_word' id='word_1_60' title='bbox 669 922 827 1001; x_wconf 88' lang='lat' dir='ltr'><strong>inpositi</strong></span> <span class='ocrx_word' id='word_1_61' title='bbox 843 921 946 992; x_wconf 88' lang='lat' dir='ltr'><strong>feram,</strong></span> 
     </span>
    </p>

    <p class='ocr_par' dir='ltr' id='par_1_8' title="bbox 154 1006 790 1068">
     <span class='ocr_line' id='line_1_10' title="bbox 154 1006 790 1068; baseline -0.002 0"><span class='ocrx_word' id='word_1_62' title='bbox 154 1008 209 1068; x_wconf 89' lang='lat' dir='ltr'><strong>sed</strong></span> <span class='ocrx_word' id='word_1_63' title='bbox 225 1008 291 1067; x_wconf 83' lang='lat' dir='ltr'><strong>iura</strong></span> <span class='ocrx_word' id='word_1_64' title='bbox 306 1013 334 1066; x_wconf 88' lang='lat' dir='ltr'><strong>et</strong></span> <span class='ocrx_word' id='word_1_65' title='bbox 349 1024 430 1066; x_wconf 89' lang='lat' dir='ltr'><strong>arma</strong></span> <span class='ocrx_word' id='word_1_66' title='bbox 447 1006 578 1067; x_wconf 88' lang='lat' dir='ltr'><strong>seruient</strong></span> <span class='ocrx_word' id='word_1_67' title='bbox 593 1024 710 1067; x_wconf 88' lang='lat' dir='ltr'><strong>mecum</strong></span> <span class='ocrx_word' id='word_1_68' title='bbox 726 1007 790 1067; x_wconf 84' lang='lat' dir='ltr'><strong>tibi.</strong></span> 
     </span>
    </p>

    <p class='ocr_par' dir='ltr' id='par_1_9' title="bbox 154 1084 930 1170">
     <span class='ocr_line' id='line_1_11' title="bbox 154 1084 930 1170; baseline 0 -19"><span class='ocrx_word' id='word_1_69' title='bbox 154 1106 236 1152; x_wconf 87' lang='grc' dir='ltr'><strong>ΛΤΒ.</strong></span> <span class='ocrx_word' id='word_1_70' title='bbox 260 1092 423 1169; x_wconf 89' lang='lat' dir='ltr'><strong>inposita</strong></span> <span class='ocrx_word' id='word_1_71' title='bbox 440 1091 528 1167; x_wconf 89' lang='lat' dir='ltr'><strong>capiti</strong></span> <span class='ocrx_word' id='word_1_72' title='bbox 545 1088 640 1151; x_wconf 89' lang='lat' dir='ltr'><strong>uincla</strong></span> <span class='ocrx_word' id='word_1_73' title='bbox 657 1088 835 1152; x_wconf 82' lang='lat' dir='ltr'><strong>uenerando</strong></span> <span class='ocrx_word' id='word_1_74' title='bbox 845 1084 930 1170; x_wconf 63' lang='lat' dir='ltr'><strong>gere.x</strong></span> 
     </span>
    </p>

    <p class='ocr_par' dir='ltr' id='par_1_10' title="bbox 153 1175 1140 1255">
     <span class='ocr_line' id='line_1_12' title="bbox 153 1175 1140 1255; baseline 0.004 -18"><span class='ocrx_word' id='word_1_75' title='bbox 153 1194 211 1255; x_wconf 77' lang='lat' dir='ltr'><strong>ego</strong></span> <span class='ocrx_word' id='word_1_76' title='bbox 229 1176 387 1237; x_wconf 88' lang='lat' dir='ltr'><strong>destinatas</strong></span> <span class='ocrx_word' id='word_1_77' title='bbox 402 1177 539 1237; x_wconf 89' lang='lat' dir='ltr'><strong>uictimas</strong></span> <span class='ocrx_word' id='word_1_78' title='bbox 553 1177 670 1255; x_wconf 90' lang='lat' dir='ltr'><strong>superis</strong></span> <span class='ocrx_word' id='word_1_79' title='bbox 685 1175 772 1238; x_wconf 86' lang='lat' dir='ltr'><strong>daho.</strong></span> <span class='ocrx_word' id='word_1_80' title='bbox 1090 1191 1140 1241; x_wconf 77' lang='lat'><strong>546</strong></span> 
     </span>
    </p>
   </div>
   <div class='ocr_carea' id='block_1_3' title="bbox 537 1373 674 1422">
    <p class='ocr_par' dir='ltr' id='par_1_11' title="bbox 537 1373 674 1422">
     <span class='ocr_line' id='line_1_13' title="bbox 537 1373 674 1422; baseline -0.007 0"><span class='ocrx_word' id='word_1_81' title='bbox 537 1373 674 1422; x_wconf 81' lang='lat' dir='ltr'>GHORVS</span> 
     </span>
    </p>
   </div>
   <div class='ocr_carea' id='block_1_4' title="bbox 118 1493 973 1744">
    <p class='ocr_par' dir='ltr' id='par_1_12' title="bbox 118 1493 973 1744">
     <span class='ocr_line' id='line_1_14' title="bbox 118 1493 973 1573; baseline 0.004 -17"><span class='ocrx_word' id='word_1_82' title='bbox 118 1531 136 1563; x_wconf 74' lang='lat' dir='ltr'>a</span> <span class='ocrx_word' id='word_1_83' title='bbox 314 1493 422 1557; x_wconf 85' lang='lat' dir='ltr'><strong>Credat</strong></span> <span class='ocrx_word' id='word_1_84' title='bbox 436 1496 493 1555; x_wconf 91' lang='lat' dir='ltr'><strong>hoo</strong></span> <span class='ocrx_word' id='word_1_85' title='bbox 509 1497 682 1573; x_wconf 74' lang='lat' dir='ltr'><strong>quisquam?</strong></span> <span class='ocrx_word' id='word_1_86' title='bbox 700 1496 781 1557; x_wconf 89' lang='lat' dir='ltr'><strong>ferus</strong></span> <span class='ocrx_word' id='word_1_87' title='bbox 796 1495 844 1556; x_wconf 91' lang='lat' dir='ltr'><strong>ille</strong></span> <span class='ocrx_word' id='word_1_88' title='bbox 861 1504 889 1557; x_wconf 88' lang='lat' dir='ltr'><strong>ct</strong></span> <span class='ocrx_word' id='word_1_89' title='bbox 904 1516 973 1559; x_wconf 86' lang='lat' dir='ltr'><strong>acer</strong></span> 
     </span>
     <span class='ocr_line' id='line_1_15' title="bbox 133 1578 947 1659; baseline 0.005 -20"><span class='ocrx_word' id='word_1_90' title='bbox 133 1578 139 1585; x_wconf 79' lang='grc'><strong>”</strong></span> <span class='ocrx_word' id='word_1_91' title='bbox 244 1588 420 1659; x_wconf 19' lang='lat' dir='ltr'><strong>nec-potens</strong></span> <span class='ocrx_word' id='word_1_92' title='bbox 436 1582 543 1640; x_wconf 88' lang='lat' dir='ltr'><strong>mentis</strong></span> <span class='ocrx_word' id='word_1_93' title='bbox 559 1579 742 1641; x_wconf 87' lang='lat' dir='ltr'><strong>truculentus</strong></span> <span class='ocrx_word' id='word_1_94' title='bbox 759 1584 863 1643; x_wconf 84' lang='lat' dir='ltr'><strong>Atreus</strong></span> <span class='ocrx_word' id='word_1_95' title='bbox 944 1596 947 1604; x_wconf 89' lang='grc'><em>·</em></span> 
     </span>
     <span class='ocr_line' id='line_1_16' title="bbox 244 1664 797 1744; baseline 0.005 -20"><span class='ocrx_word' id='word_1_96' title='bbox 244 1664 343 1724; x_wconf 89' lang='lat' dir='ltr'><strong>fratris</strong></span> <span class='ocrx_word' id='word_1_97' title='bbox 359 1672 481 1743; x_wconf 90' lang='lat' dir='ltr'><strong>aspectu</strong></span> <span class='ocrx_word' id='word_1_98' title='bbox 496 1664 677 1744; x_wconf 87' lang='lat' dir='ltr'><strong>stupefactus</strong></span> <span class='ocrx_word' id='word_1_99' title='bbox 694 1666 797 1727; x_wconf 89' lang='lat' dir='ltr'><strong>haesit.</strong></span> 
     </span>
    </p>
   </div>
   <div class='ocr_carea' id='block_1_5' title="bbox 243 1832 825 2079">
    <p class='ocr_par' dir='ltr' id='par_1_13' title="bbox 243 1832 825 2079">
     <span class='ocr_line' id='line_1_17' title="bbox 285 1832 825 1912; baseline -0.002 -17"><span class='ocrx_word' id='word_1_100' title='bbox 285 1832 369 1895; x_wconf 90' lang='lat' dir='ltr'><strong>Nulla</strong></span> <span class='ocrx_word' id='word_1_101' title='bbox 386 1835 430 1893; x_wconf 92' lang='lat' dir='ltr'><strong>uis</strong></span> <span class='ocrx_word' id='word_1_102' title='bbox 445 1835 539 1894; x_wconf 90' lang='lat' dir='ltr'><strong>maior</strong></span> <span class='ocrx_word' id='word_1_103' title='bbox 554 1836 664 1912; x_wconf 87' lang='lat' dir='ltr'><strong>pietate</strong></span> <span class='ocrx_word' id='word_1_104' title='bbox 680 1852 749 1895; x_wconf 88' lang='lat' dir='ltr'><strong>uera</strong></span> <span class='ocrx_word' id='word_1_105' title='bbox 767 1842 825 1896; x_wconf 88' lang='lat' dir='ltr'><strong>est:</strong></span> 
     </span>
     <span class='ocr_line' id='line_1_18' title="bbox 243 1920 748 1996; baseline 0 -18"><span class='ocrx_word' id='word_1_106' title='bbox 243 1920 337 1996; x_wconf 83' lang='lat' dir='ltr'><strong>iurgia</strong></span> <span class='ocrx_word' id='word_1_107' title='bbox 354 1920 483 1979; x_wconf 81' lang='lat' dir='ltr'><strong>externis</strong></span> <span class='ocrx_word' id='word_1_108' title='bbox 498 1920 617 1980; x_wconf 87' lang='lat' dir='ltr'><strong>inimica</strong></span> <span class='ocrx_word' id='word_1_109' title='bbox 633 1920 748 1989; x_wconf 88' lang='lat' dir='ltr'><strong>durant,</strong></span> 
     </span>
     <span class='ocr_line' id='line_1_19' title="bbox 244 2003 783 2079; baseline 0.004 -18"><span class='ocrx_word' id='word_1_110' title='bbox 244 2020 319 2079; x_wconf 85' lang='lat' dir='ltr'><strong>quos</strong></span> <span class='ocrx_word' id='word_1_111' title='bbox 334 2019 418 2063; x_wconf 92' lang='lat' dir='ltr'><strong>amor</strong></span> <span class='ocrx_word' id='word_1_112' title='bbox 437 2020 527 2063; x_wconf 91' lang='lat' dir='ltr'><strong>uerus</strong></span> <span class='ocrx_word' id='word_1_113' title='bbox 543 2006 646 2072; x_wconf 88' lang='lat' dir='ltr'><strong>tenuit,</strong></span> <span class='ocrx_word' id='word_1_114' title='bbox 664 2003 783 2064; x_wconf 86' lang='lat' dir='ltr'><strong>tenebit.</strong></span> 
     </span>
    </p>
   </div>
   <div class='ocr_carea' id='block_1_6' title="bbox 243 2163 828 2503">
    <p class='ocr_par' dir='ltr' id='par_1_14' title="bbox 243 2163 828 2503">
     <span class='ocr_line' id='line_1_20' title="bbox 286 2163 828 2251; baseline 0.006 -21"><span class='ocrx_word' id='word_1_115' title='bbox 286 2172 333 2232; x_wconf 88' lang='lat' dir='ltr'><strong>Ira</strong></span> <span class='ocrx_word' id='word_1_116' title='bbox 348 2190 416 2233; x_wconf 95' lang='lat' dir='ltr'><strong>cum</strong></span> <span class='ocrx_word' id='word_1_117' title='bbox 432 2173 547 2247; x_wconf 86' lang='lat' dir='ltr'><strong>magnis</strong></span> <span class='ocrx_word' id='word_1_118' title='bbox 562 2174 666 2251; x_wconf 85' lang='lat' dir='ltr'><strong>agitata</strong></span> <span class='ocrx_word' id='word_1_119' title='bbox 684 2174 779 2233; x_wconf 79' lang='lat' dir='ltr'><strong>causis</strong></span> <span class='ocrx_word' id='word_1_120' title='bbox 823 2163 828 2173; x_wconf 73' lang='grc'><strong>’</strong></span> 
     </span>
     <span class='ocr_line' id='line_1_21' title="bbox 243 2256 783 2336; baseline 0.002 -21"><span class='ocrx_word' id='word_1_121' title='bbox 243 2258 367 2333; x_wconf 84' lang='lat' dir='ltr'><strong>gratiam</strong></span> <span class='ocrx_word' id='word_1_122' title='bbox 383 2258 464 2334; x_wconf 90' lang='lat' dir='ltr'><strong>rupit</strong></span> <span class='ocrx_word' id='word_1_123' title='bbox 479 2256 645 2336; x_wconf 89' lang='lat' dir='ltr'><strong>cecinitque</strong></span> <span class='ocrx_word' id='word_1_124' title='bbox 663 2256 783 2326; x_wconf 90' lang='lat' dir='ltr'><strong>bellum,</strong></span> 
     </span>
     <span class='ocr_line' id='line_1_22' title="bbox 245 2340 797 2411; baseline 0.002 -11"><span class='ocrx_word' id='word_1_125' title='bbox 245 2359 312 2400; x_wconf 92' lang='lat' dir='ltr'><strong>cum</strong></span> <span class='ocrx_word' id='word_1_126' title='bbox 330 2340 410 2402; x_wconf 87' lang='lat' dir='ltr'><strong>leues</strong></span> <span class='ocrx_word' id='word_1_127' title='bbox 425 2342 517 2401; x_wconf 91' lang='lat' dir='ltr'><strong>frenis</strong></span> <span class='ocrx_word' id='word_1_128' title='bbox 531 2359 659 2402; x_wconf 91' lang='lat' dir='ltr'><strong>sonuere</strong></span> <span class='ocrx_word' id='word_1_129' title='bbox 675 2348 797 2411; x_wconf 88' lang='lat' dir='ltr'><strong>turmae,</strong></span> 
     </span>
     <span class='ocr_line' id='line_1_23' title="bbox 243 2424 747 2503; baseline 0.006 -19"><span class='ocrx_word' id='word_1_130' title='bbox 243 2425 324 2486; x_wconf 86' lang='lat' dir='ltr'><strong>fulsit</strong></span> <span class='ocrx_word' id='word_1_131' title='bbox 337 2425 407 2485; x_wconf 88' lang='lat' dir='ltr'><strong>hino</strong></span> <span class='ocrx_word' id='word_1_132' title='bbox 422 2424 502 2485; x_wconf 87' lang='lat' dir='ltr'><strong>illino</strong></span> <span class='ocrx_word' id='word_1_133' title='bbox 519 2428 643 2503; x_wconf 84' lang='lat' dir='ltr'><strong>agitatus</strong></span> <span class='ocrx_word' id='word_1_134' title='bbox 660 2425 747 2495; x_wconf 87' lang='lat' dir='ltr'><strong>ensis,</strong></span> 
     </span>
    </p>
   </div>
   <div class='ocr_carea' id='block_1_7' title="bbox 244 2594 910 2927">
    <p class='ocr_par' dir='ltr' id='par_1_15' title="bbox 244 2594 910 2927">
     <span class='ocr_line' id='line_1_24' title="bbox 286 2594 888 2667; baseline 0.007 -14"><span class='ocrx_word' id='word_1_135' title='bbox 286 2594 378 2667; x_wconf 84' lang='lat' dir='ltr'><strong>Quem</strong></span> <span class='ocrx_word' id='word_1_136' title='bbox 396 2604 496 2655; x_wconf 89' lang='lat' dir='ltr'><strong>mouet</strong></span> <span class='ocrx_word' id='word_1_137' title='bbox 511 2594 619 2658; x_wconf 90' lang='lat' dir='ltr'><strong>crebro</strong></span> <span class='ocrx_word' id='word_1_138' title='bbox 635 2594 812 2657; x_wconf 90' lang='lat' dir='ltr'><strong>furibundus</strong></span> <span class='ocrx_word' id='word_1_139' title='bbox 828 2595 888 2657; x_wconf 88' lang='lat' dir='ltr'><strong>ictu</strong></span> 
     </span>
     <span class='ocr_line' id='line_1_25' title="bbox 244 2680 871 2756; baseline 0.006 -19"><span class='ocrx_word' id='word_1_140' title='bbox 244 2681 417 2756; x_wconf 84' lang='lat' dir='ltr'><strong>sanguinem</strong></span> <span class='ocrx_word' id='word_1_141' title='bbox 433 2680 552 2739; x_wconf 88' lang='lat' dir='ltr'><strong>Mauors</strong></span> <span class='ocrx_word' id='word_1_142' title='bbox 568 2681 691 2756; x_wconf 89' lang='lat' dir='ltr'><strong>cupiens</strong></span> <span class='ocrx_word' id='word_1_143' title='bbox 705 2688 871 2742; x_wconf 90' lang='lat' dir='ltr'><strong>recentem:</strong></span> 
     </span>
     <span class='ocr_line' id='line_1_26' title="bbox 244 2764 910 2845; baseline 0.003 -23"><span class='ocrx_word' id='word_1_144' title='bbox 244 2764 384 2841; x_wconf 91' lang='lat' dir='ltr'><strong>opprimit</strong></span> <span class='ocrx_word' id='word_1_145' title='bbox 399 2764 513 2824; x_wconf 90' lang='lat' dir='ltr'><strong>ferrum</strong></span> <span class='ocrx_word' id='word_1_146' title='bbox 528 2764 723 2843; x_wconf 88' lang='lat' dir='ltr'><strong>manibusque</strong></span> <span class='ocrx_word' id='word_1_147' title='bbox 740 2767 845 2827; x_wconf 84' lang='lat' dir='ltr'><strong>iunctis</strong></span> <span class='ocrx_word' id='word_1_148' title='bbox 909 2842 910 2845; x_wconf 8' lang='grc' dir='ltr'><strong>Ἴ</strong></span> 
     </span>
     <span class='ocr_line' id='line_1_27' title="bbox 244 2847 771 2927; baseline 0.008 -20"><span class='ocrx_word' id='word_1_149' title='bbox 244 2847 325 2908; x_wconf 88' lang='lat' dir='ltr'><strong>duait</strong></span> <span class='ocrx_word' id='word_1_150' title='bbox 339 2848 375 2907; x_wconf 89' lang='lat' dir='ltr'><strong>ad</strong></span> <span class='ocrx_word' id='word_1_151' title='bbox 391 2866 494 2925; x_wconf 90' lang='lat' dir='ltr'><strong>pacem</strong></span> <span class='ocrx_word' id='word_1_152' title='bbox 511 2850 605 2925; x_wconf 90' lang='lat' dir='ltr'><strong>pietas</strong></span> <span class='ocrx_word' id='word_1_153' title='bbox 619 2857 771 2927; x_wconf 83' lang='lat' dir='ltr'><strong>negantes.</strong></span> 
     </span>
    </p>
   </div>
   <div class='ocr_carea' id='block_1_8' title="bbox 244 3017 825 3265">
    <p class='ocr_par' dir='ltr' id='par_1_16' title="bbox 244 3017 825 3265">
     <span class='ocr_line' id='line_1_28' title="bbox 287 3017 802 3079; baseline 0.004 -2"><span class='ocrx_word' id='word_1_154' title='bbox 287 3017 385 3077; x_wconf 85' lang='lat' dir='ltr'><strong>Otium</strong></span> <span class='ocrx_word' id='word_1_155' title='bbox 401 3025 483 3078; x_wconf 89' lang='lat' dir='ltr'><strong>tanto</strong></span> <span class='ocrx_word' id='word_1_156' title='bbox 498 3017 627 3079; x_wconf 89' lang='lat' dir='ltr'><strong>subitum</strong></span> <span class='ocrx_word' id='word_1_157' title='bbox 644 3036 660 3078; x_wconf 90' lang='lat' dir='ltr'><strong>e</strong></span> <span class='ocrx_word' id='word_1_158' title='bbox 675 3018 802 3079; x_wconf 89' lang='lat' dir='ltr'><strong>tumultu</strong></span> 
     </span>
     <span class='ocr_line' id='line_1_29' title="bbox 244 3102 825 3184; baseline 0.002 -22"><span class='ocrx_word' id='word_1_159' title='bbox 244 3104 309 3180; x_wconf 88' lang='lat' dir='ltr'><strong>quis</strong></span> <span class='ocrx_word' id='word_1_160' title='bbox 325 3102 398 3163; x_wconf 90' lang='lat' dir='ltr'><strong>deus</strong></span> <span class='ocrx_word' id='word_1_161' title='bbox 414 3104 500 3163; x_wconf 73' lang='lat' dir='ltr'><strong>fecit?</strong></span> <span class='ocrx_word' id='word_1_162' title='bbox 516 3102 603 3163; x_wconf 77' lang='lat' dir='ltr'><strong>mocio</strong></span> <span class='ocrx_word' id='word_1_163' title='bbox 619 3120 673 3181; x_wconf 92' lang='lat' dir='ltr'><strong>per</strong></span> <span class='ocrx_word' id='word_1_164' title='bbox 689 3104 825 3184; x_wconf 80' lang='lat' dir='ltr'><strong>Mycenas</strong></span> 
     </span>
     <span class='ocr_line' id='line_1_30' title="bbox 245 3186 691 3265; baseline 0.007 -19"><span class='ocrx_word' id='word_1_165' title='bbox 245 3205 326 3246; x_wconf 89' lang='lat' dir='ltr'><strong>arma</strong></span> <span class='ocrx_word' id='word_1_166' title='bbox 343 3186 437 3249; x_wconf 89' lang='lat' dir='ltr'><strong>ciuilis</strong></span> <span class='ocrx_word' id='word_1_167' title='bbox 452 3205 597 3265; x_wconf 90' lang='lat' dir='ltr'><strong>crepuere</strong></span> <span class='ocrx_word' id='word_1_168' title='bbox 613 3187 691 3249; x_wconf 86' lang='lat' dir='ltr'><strong>belli.</strong></span> 
     </span>
    </p>
   </div>
   <div class='ocr_carea' id='block_1_9' title="bbox 159 3386 1062 3524">
    <p class='ocr_par' dir='ltr' id='par_1_17' title="bbox 159 3386 1062 3524">
     <span class='ocr_line' id='line_1_31' title="bbox 209 3386 1062 3457; baseline 0.002 -18"><span class='ocrx_word' id='word_1_169' title='bbox 209 3391 257 3439; x_wconf 77' lang='lat'><strong>541</strong></span> <span class='ocrx_word' id='word_1_170' title='bbox 278 3389 431 3439; x_wconf 81' lang='lat' dir='ltr'><strong>nitucmE</strong></span> <span class='ocrx_word' id='word_1_171' title='bbox 452 3386 465 3456; x_wconf 72' lang='lat' dir='ltr'><strong>ll</strong></span> <span class='ocrx_word' id='word_1_172' title='bbox 487 3391 537 3439; x_wconf 82' lang='lat'><strong>544</strong></span> <span class='ocrx_word' id='word_1_173' title='bbox 555 3390 656 3455; x_wconf 80' lang='lat' dir='ltr'><strong>regiaE</strong></span> <span class='ocrx_word' id='word_1_174' title='bbox 675 3391 778 3456; x_wconf 83' lang='lat' dir='ltr'><strong>gereA</strong></span> <span class='ocrx_word' id='word_1_175' title='bbox 795 3386 807 3457; x_wconf 85' lang='grc'><strong>11</strong></span> <span class='ocrx_word' id='word_1_176' title='bbox 831 3388 974 3442; x_wconf 80' lang='lat' dir='ltr'><strong>CHORVS</strong></span> <span class='ocrx_word' id='word_1_177' title='bbox 987 3390 1038 3441; x_wconf 85' lang='lat' dir='ltr'><strong>EA</strong></span> <span class='ocrx_word' id='word_1_178' title='bbox 1051 3386 1062 3455; x_wconf 79' lang='grc' dir='ltr'>Η</span> 
     </span>
     <span class='ocr_line' id='line_1_32' title="bbox 159 3455 640 3524; baseline 0.004 -18"><span class='ocrx_word' id='word_1_179' title='bbox 159 3458 209 3507; x_wconf 79' lang='lat'><strong>558</strong></span> <span class='ocrx_word' id='word_1_180' title='bbox 227 3458 363 3522; x_wconf 84' lang='lat' dir='ltr'><strong>opprimet</strong></span> <span class='ocrx_word' id='word_1_181' title='bbox 380 3457 405 3507; x_wconf 80' lang='grc' dir='ltr'><em>Ε</em></span> <span class='ocrx_word' id='word_1_182' title='bbox 432 3459 561 3523; x_wconf 88' lang='lat' dir='ltr'><strong>opprimit</strong></span> <span class='ocrx_word' id='word_1_183' title='bbox 574 3459 598 3508; x_wconf 84' lang='lat' dir='ltr'><em>A</em></span> <span class='ocrx_word' id='word_1_184' title='bbox 627 3455 640 3524; x_wconf 80' lang='lat' dir='ltr'><strong>ll</strong></span> 
     </span>
    </p>
   </div>
   <div class='ocr_carea' id='block_1_10' title="bbox 0 0 1280 3917">
    <p class='ocr_par' dir='ltr' id='par_1_18' title="bbox 0 0 1280 3917">
     <span class='ocr_line' id='line_1_33' title="bbox 0 0 1280 3917; baseline 0 0"><span class='ocrx_word' id='word_1_185' title='bbox 0 0 1280 3917; x_wconf 95' lang='lat' dir='ltr'><strong> </strong></span> 
     </span>
    </p>
   </div>
  </div>
 </body>
</html>
