2550 3917
192 188 257 260 264
470 204 503 252 a.
528 203 661 250 aunam
684 203 842 250 senecen

193 343 339 423 lugendus
354 342 493 405 Helenae.

160 428 184 487 α’
546 428 659 487 [turum
675 435 705 488 et
719 428 849 487 innisum
865 436 896 487 et
910 442 1004 503 graue
1020 435 1064 486 est

193 514 313 573 seruitia
329 514 423 582 ieme,
441 513 535 590 patim·
550 512 609 573 hoe
625 510 695 573 elim
710 513 812 589 iugum

194 598 280 658 annis
296 598 398 658 decem
416 597 540 675 captiua.
573 603 754 675 prostratum
769 594 855 656 llium
871 606 930 665 est,

194 684 274 761 uersi
290 690 420 760 penates.
453 682 579 760 perdere
595 689 640 742 est
654 682 779 760 patriam
795 697 902 757 graue,

194 768 315 845 grauius
329 768 444 827 timere.
476 784 530 827 ues
545 765 626 827 leuat
642 767 714 826 tanti
729 764 798 826 mali

194 853 366 921 comitatus,
381 853 412 911 in
428 869 475 911 me
492 852 587 911 uietm
603 858 631 911 et
645 852 742 911 ulmus
759 851 838 911 lurit.

160 946 177 997 d
238 936 332 1008 Quam
349 937 473 1015 quisque
489 934 627 996 famulam
645 934 924 1005 traheret,'ineerte
940 936 991 996 diu

195 1038 266 1082 casu
283 1020 437 1100 pependit,
455 1038 502 1081 me
518 1038 602 1081 meus
618 1022 708 1080 traxit
721 1022 818 1081 statim

194 1106 258 1165 sine
274 1114 353 1165 sonte
369 1106 515 1165 dominus.
546 1122 634 1166 causa
651 1103 797 1167 bellorum
813 1105 855 1164 lui

194 1196 352 1267 tantaeque
367 1189 490 1251 Teucris
506 1188 605 1249 eladis
637 1188 694 1249 hoe
710 1207 815 1249 uerum
830 1197 911 1268 puta.

159 1276 185 1335 ‹t'
238 1275 381 1353 Spartana
398 1282 496 1335 uestra
513 1291 612 1352 puppe
628 1275 653 1333 si
668 1275 748 1334 secui
763 1275 853 1342 laeta,

193 1359 218 1419 si
233 1366 316 1438 napta
333 1359 465 1437 phrygiis
480 1358 590 1438 praeda
606 1358 769 1436 remigibus
784 1359 824 1419 lui

193 1443 333 1522 deditque
349 1443 460 1503 donu'm
476 1443 566 1503 iudici
581 1444 687 1502 uictrix
703 1442 773 1503 dea:

193 1529 314 1605 ignosce
329 1527 437 1588 Paridi.
469 1526 595 1588 iudicem
613 1528 719 1588 iratum
736 1546 802 1588 mea

192 1611 330 1673 habitura
347 1630 436 1672 eausa
452 1620 510 1673 est:

158 1696 191 1757 εἷ’
548 1696 606 1757 lsta
622 1694 789 1756 Menelaum
805 1703 927 1757 manent

195 1780 328 1841 arbitria.
360 1798 439 1840 nune
454 1780 531 1839 hane
546 1778 676 1840 luctibus
690 1780 811 1858 paulum
828 1782 884 1841 tuis

193 1864 402 1926 Andromacha
418 1865 534 1925 emissis
548 1863 649 1925 flecte:
667 1866 715 1924 uix
732 1864 868 1925 lacrimas
883 1882 959 1943 queo

192 1951 331 2010 retinere.

193 2047 299 2093 nupta.
374 2040 517 2111 quantum
533 2041 578 2093 est
597 2032 710 2095 Helena
725 2033 804 2113 quod
820 2032 953 2095 lacrimat
970 2033 1090 2096 malum.

160 2144 175 2177 e
238 2119 297 2178 Cur
312 2115 446 2177 lacrimat
465 2119 581 2178 autem?
605 2117 687 2178 lane
702 2136 776 2195 quos
792 2118 910 2179 lthaeus
925 2118 1028 2180 doles

193 2220 268 2280 quae
285 2200 398 2262 scelera
415 2209 521 2262 nectat.
552 2211 652 2262 utrum
668 2202 705 2262 ab
721 2203 812 2263 idaeis
827 2204 902 2281 iugis

192 2286 326 2347 iactanda
343 2288 429 2362 uirgo
446 2295 491 2347 est
505 2287 582 2346 areis
597 2304 634 2347 an
651 2285 747 2347 celsae
762 2288 841 2348 edite

192 2371 335 2432 mittenda
351 2372 439 2431 saxol
463 2389 534 2431 num
550 2387 604 2448 pen
619 2371 673 2430 has
689 2378 804 2432 uastum
820 2373 850 2431 in
867 2390 948 2433 mare
1132 2381 1188 2429 940

192 2454 341 2516 uoluenda
357 2473 448 2533 rupes
464 2454 556 2516 latere
572 2472 645 2535 quas
660 2456 752 2516 scisse
768 2456 848 2516 leuat

192 2538 284 2601 altum
301 2539 411 2601 uadoso
428 2539 536 2618 Sigeon
551 2546 687 2619 spectans
703 2542 788 2601 sinu?

158 2622 182 2683 e'
236 2624 288 2685 llic
305 2625 386 2684 fane
402 2624 541 2704 quiequid
557 2623 701 2686 subdole
717 2624 800 2685 uultu
816 2627 899 2703 tegis.

193 2708 306 2769 leuiora
322 2708 397 2768 mala
414 2717 483 2769 sunt
498 2716 602 2771 cuneta
620 2728 708 2787 quam
726 2710 835 2769 Priami
851 2727 946 2787 gener

194 2860 395 2870 ..ἡ-ῃ

261 2946 310 2995 919
329 2944 455 2995 Helenae
475 2950 517 2995 est
535 2946 575 2995 Ae
599 2960 628 2995 es
647 2953 669 3008 ψ
694 2949 736 2995 est
755 2962 800 2995 orn.
820 2948 860 2995 ed.
878 2947 956 2995 Fere.
980 2942 992 3011 ΙΙ
1015 2946 1111 2997 durum

192 3014 311 3062 inuisum
325 3029 371 3063 om.
384 3018 447 3077 etp
464 3009 475 3078 ΙΙ
492 3015 541 3062 924
560 3014 647 3063 uictor
661 3018 689 3062 et
700 3013 791 3062 uictus
803 3012 828 3062 Ε
846 3013 869 3063 R
875 3016 908 3061 14
925 3012 965 3078 (at
981 3017 1112 3078 interpres

192 3097 246 3130 cuin
264 3080 307 3143 A)
326 3080 416 3130 uictus
436 3084 463 3129 et
481 3080 569 3129 uictor
588 3082 612 3129 A
634 3078 646 3145 ll
668 3082 718 3131 926
736 3080 822 3129 trahit
842 3077 892 3146 ΕΗ
908 3083 958 3132 928
976 3085 1111 3147 tantaque

192 3149 217 3198 Ε
229 3144 240 3213 ll
253 3149 302 3198 929
314 3163 406 3214 puppe
419 3152 513 3198 uestra
525 3148 550 3196 Ε
567 3150 667 3213 puppis
679 3152 773 3198 uestra
787 3149 810 3197 A
824 3145 835 3214 Η
847 3150 924 3197 saeui
939 3149 965 3198 Ε
983 3151 1072 3199 secuit
1084 3152 1112 3200 A

193 3221 289 3266 uestra
307 3232 400 3280 puppe
419 3216 515 3266 IGron.
532 3212 544 3281 ll
565 3217 588 3264 ai
607 3217 647 3267 εΑ
667 3231 719 3278 que
737 3225 761 3279 ψ
778 3212 790 3281 ΙΙ
810 3218 861 3266 930
879 3215 927 3265 Sin
946 3218 985 3266 εΑ
1005 3216 1075 3279 Sida
1096 3218 1110 3280 Η

193 3286 242 3334 932
262 3298 323 3333 mea
342 3283 500 3335 unwan
520 3286 587 3348 puta
605 3284 684 3346 Aes.
704 3284 753 3333 928
765 3281 777 3347 ΙΙ
793 3285 843 3334 993
862 3283 938 3333 mille
956 3286 1068 3334 nauium
1087 3285 1114 3334 Ε

192 3351 350 3401 Menelaum
369 3352 393 3401 A
406 3348 481 3417 l1934
499 3352 615 3402 arbitrix
633 3352 659 3400 E
670 3348 682 3417 ll
693 3353 743 3403 936
761 3352 825 3401 flete
839 3351 865 3400 Ε
877 3349 889 3417 ΙΙ
900 3353 950 3401 942
968 3353 1075 3402 uadoso
1087 3353 1115 3402 Ε

191 3418 312 3467 uadosos
331 3419 355 3466 A
379 3414 391 3482 ss
415 3420 510 3483 sigaeo
529 3419 554 3467 Ε
578 3422 674 3483 sigeon
693 3420 717 3469 A
741 3414 753 3483 ll
775 3420 865 3469 sinum
883 3419 909 3467 E
927 3420 1004 3470 sinus
1023 3420 1113 3470 Alit.

193 3486 273 3539 Gran.
293 3486 354 3535 sinu
374 3485 452 3537 Gran.
476 3483 488 3551 ΙΙ
