2550 3917
562 215 684 261 Munna

162 350 274 413 munile
289 349 404 429 fulgens
419 353 557 431 quodque
573 371 756 430 gemmarum
774 355 851 413 nitor

161 437 317 514 distinguit
333 454 438 496 aurum
455 455 512 514 quo
529 436 624 497 scient
640 439 717 515 cingi
734 457 846 500 comae.

163 522 240 581 haec
256 528 358 580 nostra
374 522 433 581 nati
449 521 526 581 dona
542 521 666 582 nubenti
681 522 778 583 ierant

160 606 217 665 sed
233 611 299 665 ante
315 604 387 666 diris
403 604 482 665 inlita
498 624 532 665 ae
549 606 636 667 tincta
652 606 775 667 artibus.

162 698 289 749 uocetur
305 689 422 749 Hecate.
454 708 537 750 sacra
552 688 659 750 letifica
675 708 800 768 appara:

159 780 330 834 statuantur
347 792 415 833 arae
430 774 548 834 ilamma
566 776 622 833 iam
638 777 724 835 tectis
740 784 835 835 sonet.

547 1105 694 1157 OHORVS.

289 1293 375 1375 Nulla
391 1296 437 1355 uis
452 1294 588 1359 flammae
603 1296 747 1356 tumidiue
762 1298 844 1357 uenti

248 1386 326 1439 tanta
342 1397 397 1439 nec
412 1378 462 1439 teli
478 1380 637 1440 metuenda
654 1382 725 1441 torti

248 1470 355 1542 quanta
372 1482 439 1523 cum
455 1464 583 1523 coniunx
600 1465 718 1525 uiduata
735 1464 828 1524 taedis

654 1549 738 1609 ardet
754 1557 783 1609 et
799 1549 868 1609 edit.
1097 1556 1148 1605 585

290 1664 366 1724 Non
382 1664 443 1724 ubi
459 1665 601 1726 hibernos
617 1664 778 1726 nebulosus
793 1668 903 1728 imbres

247 1756 345 1808 auster
362 1748 480 1808 aduexit
496 1758 698 1828 properatque
714 1758 832 1811 terrens

247 1832 337 1893 hister
354 1840 384 1891 et
398 1834 514 1892 iunctos
530 1841 609 1893 uetat
624 1852 690 1895 esse
706 1844 811 1912 pontes
831 1889 836 1897 .

521 1933 522 1937 ’
654 1937 689 1977 ac
705 1936 799 1995 uagus
815 1927 903 1979 errat.

289 2033 366 2093 Non
382 2034 570 2113 ubi-inpellit
587 2035 748 2096 Rhodanus
763 2037 958 2114 protundum,
1098 2043 1149 2091 590

248 2128 297 2179 aut
313 2118 363 2177 ubi
377 2120 408 2177 in
424 2119 505 2179 riuos
521 2119 637 2179 niuibus
654 2119 755 2181 solutis
964 2138 967 2143 ·

247 2202 308 2263 sole
323 2204 382 2262 iam
399 2204 470 2264 forti
486 2204 644 2281 medioque
659 2223 730 2263 uere

653 2288 746 2347 tabuit
761 2288 900 2350 Haemus.

291 2403 402 2465 Caecus
418 2411 461 2464 est
476 2406 553 2480 ignis
569 2406 735 2466 stimulatus
751 2408 794 2468 ira

247 2505 302 2548 uec
317 2490 381 2566 regi
397 2496 480 2549 curat
495 2490 644 2566 patiturne
660 2490 777 2560 irenes,

247 2572 317 2632 haut
331 2574 415 2633 timet
430 2580 572 2635 mortem:
595 2576 676 2652 cupit
691 2578 735 2635 ire
751 2577 780 2635 in
796 2577 877 2654 ipses

655 2659 762 2724 obuius
778 2677 873 2721 enses,

288 2775 404 2835 Parcite
421 2794 438 2834 ο
455 2773 524 2835 diui.
556 2778 673 2836 ueniam
690 2796 849 2855 precamur

250 2859 330 2919 uiuat
344 2866 376 2918 ut
392 2866 472 2919 tutus
488 2877 569 2919 mare
586 2862 635 2938 qui
651 2861 777 2938 subegit.

247 2942 299 3003 sed
315 2943 386 3003 furit
400 2945 480 3003 uinci
495 2944 631 3005 dominus
647 2945 787 3023 profundi

651 3047 743 3106 regna
759 3030 896 3091 secunda.

230 3278 280 3328 576
300 3280 415 3343 quique
433 3284 465 3329 ci.
485 3280 562 3332 Gran.
586 3277 599 3346 fl
621 3283 672 3331 580
689 3281 812 3331 luctifica
831 3283 855 3331 Α
879 3280 1001 3331 loetitiea
1019 3280 1044 3328 Ε
1063 3281 1077 3344 Η

161 3345 211 3395 681
230 3350 373 3396 struantur
390 3348 415 3396 Α
446 3352 604 3398 statuantur
621 3348 647 3397 E
669 3344 681 3414 ΙΙ
704 3350 752 3399 582
771 3349 923 3411 tumidique
942 3350 967 3399 Α
998 3349 1078 3397 tumi-

162 3410 357 3545 dnifflzpffaurffffd‘
369 3414 470 3547 Utaetlis
488 3415 513 3463 E
525 3410 537 3481 ll
553 3417 603 3465 590
621 3415 703 3480 pellit
719 3416 751 3466 E.
763 3416 881 3481 impellit
898 3413 947 3482 ΑΙ]
964 3419 1013 3467 599
1032 3416 1080 3480 qui
