2550 3917
535 214 735 262 ,tuxnffluno

178 359 290 411 armata
306 351 401 412 Pallas
418 353 559 429 quicquid
574 361 624 414 aut
639 355 722 414 hasta
737 356 837 414 minax

176 444 227 496 aut
242 436 343 512 aegide
359 445 387 496 et
402 436 504 497 lurore
520 457 672 516 gorgoneo
689 447 799 518 potest,

176 528 227 579 aut
242 523 310 598 igne
326 522 422 598 patrio
437 531 561 600 temptat
577 533 606 582 et
621 523 703 584 caelo
719 542 815 584 nouae

176 606 290 682 spirant
304 604 462 684 procellae.

492 691 578 752 Solus
594 693 722 754 inuictus
736 693 821 754 malis

175 774 303 834 luctatur
318 776 418 835 Aiax.
449 775 515 837 uela
532 785 686 853 cogentem
701 778 782 838 bunc
796 796 847 838 sua

175 865 256 918 tento
270 860 397 920 rudente
411 859 528 921 llamma
545 863 717 938 perstrinxit
732 864 849 924 cadens

174 942 300 1003 libratur
317 942 393 1004 aliud
411 944 530 1006 fulmen.
562 946 619 1006 hoc
635 954 696 1006 toto
712 949 825 1024 impetu

175 1033 290 1087 certum
306 1029 427 1089 reducta
444 1029 538 1090 Pallas
554 1033 684 1092 excussit
699 1051 788 1092 manu

174 1114 285 1172 imitata
300 1122 426 1192 patrem.
456 1116 560 1176 transit
575 1116 694 1176 Aiacem
711 1125 741 1178 et
754 1125 847 1178 ratem

174 1199 307 1274 ratisque
322 1206 436 1276 partem
453 1217 554 1260 secum
571 1209 600 1260 et
615 1202 733 1262 Aiacem
749 1201 823 1261 tulit.

219 1281 264 1342 Nil
280 1282 328 1342 ille
345 1291 442 1344 motus
457 1285 548 1345 ardua
566 1293 597 1344 ut
612 1294 712 1346 cautes
728 1286 789 1346 salo

174 1366 329 1427 ambustus
345 1375 437 1437 extat,
455 1369 566 1430 dirimit
581 1371 716 1431 insanum
732 1389 814 1432 mare

173 1451 339 1530 fluctusque
354 1455 465 1531 rumpit
480 1461 601 1531 pectore
617 1462 647 1514 et
662 1474 769 1516 nauem
784 1473 873 1514 marm

174 1535 336 1614 conplexus
351 1538 380 1596 in
396 1557 428 1598 se
443 1540 531 1600 traxit
546 1546 574 1598 et
589 1557 678 1599 caeco
694 1542 767 1600 mari

175 1619 312 1681 conlucet
326 1622 421 1683 Aiax.
454 1641 542 1684 omne
558 1624 729 1702 resplendet
744 1625 861 1685 fretum.

175 1704 293 1765 tandem
311 1714 452 1784 occupata
469 1725 543 1786 rupe
559 1709 751 1770 furibundum
767 1710 881 1768 intonat

174 1807 331 1867 superasse
347 1809 426 1850 nunc
441 1809 473 1851 se
489 1791 610 1870 pelagus
626 1800 713 1872 atque
729 1795 821 1870 ignes.
852 1795 953 1854 ‘iuuat

175 1875 281 1934 uicisse
297 1874 410 1935 caelum
429 1875 575 1937 Palladem
592 1875 704 1938 fulmen
721 1897 811 1938 mare.

218 1958 281 2018 Non
299 1978 346 2018 me
362 1961 474 2037 fugauit
489 1961 587 2021 bellici
603 1969 702 2022 terror
718 1963 765 2023 dei

175 2050 206 2103 et
220 2042 378 2103 Hectorem
395 2062 452 2106 una
467 2045 548 2106 solus
564 2056 594 2107 et
608 2047 731 2108 Martem
747 2047 800 2107 tuli

173 2125 308 2206 phoebea
324 2147 380 2188 nec
398 2135 445 2190 nte
461 2129 517 2190 tela
533 2130 714 2209 pepulerunt
728 2133 832 2210 gradu.

173 2229 241 2272 curn
257 2213 423 2293 Phrygibus
437 2216 509 2276 istos
527 2217 660 2276 uicimus.
692 2225 760 2277 tene
775 2217 932 2278 horream?

173 2294 267 2357 aliena
284 2299 371 2358 inerti
387 2297 443 2359 tela
459 2301 550 2360 mittis
566 2301 697 2362 dextera.

173 2381 244 2458 quid
260 2384 284 2442 si
299 2385 363 2460 ipse
379 2384 508 2444 ntittatl’

505 2535 509 2542 ¹
543 2468 632 2529 Plura
649 2488 716 2530 cum
732 2471 856 2533 auderet
870 2471 987 2541 iurene,

172 2550 301 2610 tridente
317 2571 421 2630 rupem
438 2551 555 2612 subruit
569 2553 683 2630 pulsam
700 2562 785 2633 pater

172 2633 327 2712 Neptunus
342 2637 407 2695 imis
423 2655 547 2698 exerens
564 2638 650 2698 undis
665 2648 754 2718 caput

171 2718 320 2796 soluitque
336 2727 465 2781 montem
482 2740 569 2799 quem
586 2723 695 2783 cadens
710 2741 811 2784 secum
829 2723 893 2785 tulit

171 2810 312 2882 terraque
328 2813 356 2865 et
371 2806 438 2883 igne
455 2807 550 2866 nictus
566 2814 595 2866 et
609 2806 715 2886 pelago
730 2810 814 2869 iacet.

241 2959 289 3006 551
309 2962 357 3006 aut
376 2957 467 3008 furore
487 2959 526 3008 εΑ
547 2963 579 3008 et
600 2960 677 3010 Gran.
696 2963 737 3010 ed.
757 2963 831 3010 1661.
854 2956 866 3024 Η
889 2961 939 3010 555
957 2961 1046 3010 Τ5111ο
1064 2961 1089 3008 Ε

171 3023 264 3073 Teneo
282 3027 308 3074 A
331 3020 342 3089 Η
366 3026 414 3075 557
434 3026 546 3076 Tortum
566 3027 689 3077 Iomanes
701 3029 834 3078 Pontanue
852 3042 887 3078 ex
905 3028 961 3078 cod.
979 3035 1006 3076 ut
1018 3029 1088 3077 uide-

171 3099 222 3140 tur.
251 3089 262 3155 Η
291 3094 341 3142 559
361 3099 389 3142 et
407 3095 495 3157 magis
514 3094 539 3144 Ε
562 3099 590 3144 51
607 3094 702 3144 Aiacis
720 3096 745 3144 A
769 3099 797 3145 51
813 3095 928 3144 Aiacem
947 3097 1088 3146 Pomanus.

171 3159 242 3221 Meg.
260 3155 336 3224 11563
356 3162 385 3210 in
403 3176 432 3211 se
452 3178 473 3210 ω
496 3161 565 3226 ipse
583 3162 641 3220 Bo„
651 3159 663 3227 Η
680 3164 729 3213 565
747 3162 909 3212 furibundus
927 3163 951 3211 R
963 3178 978 3226 p
990 3162 1062 3227 Meg.
1080 3160 1088 3228 Η

142 3233 145 3240 “
170 3228 221 3276 566
240 3241 312 3276 nunc
331 3243 359 3278 se
379 3229 403 3278 A
423 3243 452 3278 se
471 3245 518 3280 om.
538 3229 563 3278 Ε
574 3226 586 3294 Η
598 3232 646 3280 571
666 3234 729 3280 tene
748 3231 874 3279 horream
892 3230 959 3278 EM)
976 3231 1089 3280 tandem

170 3295 198 3346 h.
218 3295 243 3343 A
267 3291 279 3359 Η
302 3298 351 3346 572
370 3295 469 3346 Aliena
486 3297 571 3346 inerti
589 3297 646 3346 tela
665 3297 830 3362 pepulerunt
846 3297 934 3362 gradu
951 3298 976 3346 Ε
1006 3298 1049 3351 ΑΙ.
1068 3300 1086 3351 i.

170 3361 231 3412 tela
250 3363 324 3412 mitti
341 3364 456 3414 dextera
475 3367 498 3414 A
527 3369 545 3414 t.
566 3366 654 3415 mittis
672 3365 785 3415 dextera
803 3366 843 3414 nu
870 3363 927 3416 tela
945 3365 1088 3430 perden-
1170 3385 1175 3395 ·

170 3435 238 3479 tem
256 3445 354 3480 manu
374 3432 452 3483 Gron.
484 3433 694 3482 iaculantem
713 3436 754 3483 uel
782 3433 972 3484 mittentem
990 3450 1089 3484 manu

170 3499 246 3550 NHs.
261 3495 272 3563 Η
284 3501 333 3549 577
352 3499 449 3565 115115)
468 3516 537 3552 corr.
556 3517 592 3550 ecc
610 3508 686 3551 torre
703 3502 728 3552 Ε
751 3498 762 3567 Η

820 3583 884 3647 22*
