2550 3917
187 383 214 442 n

220 229 285 294 434
610 242 753 291 ιιιοιιιιιι

353 383 390 445 Si
406 400 474 462 qua
489 381 545 443 sub
561 382 658 444 Lerna
675 400 833 444 numerosa
849 386 939 462 pestis

308 475 429 547 sparget
444 467 473 528 in
490 476 608 528 centum
623 466 738 528 rabiem
755 468 916 541 dracones,

306 552 453 613 Arcadum
470 553 501 612 si
516 554 602 632 quis
617 551 734 631 populis
750 560 881 613 uetustas

307 638 415 698 iecerit
428 635 517 697 siluas
533 655 605 716 aper
619 638 776 716 inquietes.

352 787 424 858 Quis
441 787 521 849 dabit
536 806 640 867 pacem
657 787 769 866 populo
785 788 915 857 timenti,

308 874 338 932 si
354 872 442 950 quid
457 873 525 933 irati
540 873 641 952 superi
657 888 711 950 per
727 872 817 933 urbes

308 958 448 1018 iusserint
463 957 564 1017 nasci?
586 958 663 1019 iacet
677 956 816 1017 omnihus
832 975 885 1035 par

307 1060 395 1121 quem
412 1059 515 1122 parem
530 1039 619 1102 telius
635 1044 737 1119 genuit
752 1044 874 1103 tonanti.

350 1193 490 1253 Planctus
504 1194 654 1253 inmensas
669 1201 789 1255 resonet
804 1210 856 1271 per
872 1194 962 1255 urbes

307 1287 337 1338 et
352 1295 452 1338 comas
467 1276 549 1337 nuile
564 1277 723 1337 cohibente
739 1278 817 1337 nodo

308 1362 435 1422 feminae
451 1370 568 1423 exertos
585 1361 693 1422 feriant
711 1361 838 1422 lacertos

307 1446 428 1524 scieque
444 1446 582 1507 obductis
597 1446 712 1507 ionibus
727 1446 852 1507 deorum
882 1518 887 1522 ,

307 1530 416 1610 temple
432 1548 555 1591 securae
570 1539 692 1609 pateant
707 1549 865 1591 nouercae.

350 1682 438 1742 Vadis
452 1681 489 1741 ad
505 1681 618 1743 Lethen
634 1683 821 1761 stygiumque
836 1681 904 1742 litus

306 1766 385 1827 unde
399 1774 434 1826 te
450 1764 548 1826 nullae
564 1764 738 1827 referent
753 1768 920 1836 carinae,

306 1853 388 1912 uadis
403 1850 440 1911 ad
456 1868 559 1911 manes
574 1850 760 1911 miserandus
776 1851 855 1910 unde

306 1942 404 1996 morte
418 1934 535 1996 deuicta
550 1934 662 1995 tuleras
679 1934 882 2013 triumphum?

352 2085 484 2146 Vmbra
500 2086 617 2145 nudatis
633 2087 735 2145 uenies
753 2085 871 2147 lacertis

306 2170 444 2249 languido
461 2169 543 2230 uultu
561 2172 702 2247 tenuique
718 2169 809 2240 colio,

306 2265 406 2334 teque
422 2273 481 2314 non
496 2253 591 2315 solum
607 2254 708 2315 ieret
722 2254 771 2315 illa
787 2256 923 2334 puppis

349 2490 414 2551 Non
431 2499 529 2551 tamen
544 2489 612 2551 uilis
627 2492 686 2551 eris
702 2490 778 2550 inter
794 2490 944 2551 umbras
1050 2476 1056 2491 ’

305 2576 481 2654 Aeeccnque
496 2577 573 2635 inter
588 2576 781 2652 geminosque
798 2574 900 2636 Cretas

307 2660 383 2720 iacta
399 2660 573 2721 discernens
588 2660 699 2720 feriens
714 2667 864 2738 tyrannos.

290 2930 357 2980 1538
374 2928 453 2979 lerna
466 2928 492 2977 Ε
504 2933 580 2978 terra
593 2928 619 2977 A
634 2924 647 2993 ΙΙ
663 2930 730 2980 1539
742 2930 882 2979 incentum
897 2929 921 2978 E
935 2929 1072 2980 intentam
1084 2932 1108 2981 A
1121 2930 1133 2994 ΙΙ
1236 2920 1237 2964 ¹

220 2996 356 3047 dracones
373 2996 399 3045 Ε
417 2996 545 3046 draconis
565 2997 590 3046 A
610 2992 622 3061 ΙΙ
644 2998 710 3047 1540
726 2995 837 3061 populis
856 3000 982 3047 uetustas
1000 2996 1026 3046 E
1049 3000 1133 3060 (uetu-

220 3064 273 3114 stis
290 3064 353 3116 Et.
373 3064 465 3127 Gron.)
489 3064 585 3128 populi
601 3065 708 3114 uetusti
726 3065 751 3114 A
781 3059 793 3131 ΙΙ
823 3066 888 3114 1549
913 3065 1063 3115 immensas
1086 3065 1133 3116 eA
1235 3082 1236 3109 2

219 3135 369 3183 immensus
388 3132 410 3182 G
427 3132 552 3180 intensas
571 3130 648 3196 Epci.
668 3133 834 3193 intensus&
853 3130 927 3197 ()R9
912 3128 951 3197 Η]
964 3134 1029 3182 1551
1047 3133 1133 3183 Pemi-
1235 3124 1236 3134 ¹

219 3215 273 3249 nac
297 3215 322 3250 e.
340 3199 444 3254 ferient
462 3199 487 3248 E
516 3199 676 3252 Feminae.
697 3199 781 3250 seriei
799 3200 824 3249 A
848 3194 860 3265 ΙΙ
884 3200 950 3249 1558
973 3200 1089 3251 ueniens
1112 3199 1133 3249 Ε

219 3268 315 3317 uenies
333 3268 358 3317 A
369 3263 383 3334 ss
395 3269 460 3318 1559
478 3266 610 3331 tenuique
627 3267 654 3317 Ε
671 3267 836 3333 trepidoque
853 3268 878 3317 A
890 3262 903 3333 ΙΙ
915 3268 982 3319 1550
997 3274 1058 3332 post
1075 3269 1099 3319 5.
1111 3284 1131 3317 u.
1234 3274 1235 3305 i

220 3338 292 3384 unice
304 3352 328 3383 u.
342 3337 457 3384 lacunam
469 3349 524 3385 eece
536 3336 622 3385 clanei.
636 3332 649 3401 ΙΙ
666 3336 736 3385 1562
752 3336 915 3399 Aeaccsque
925 3334 983 3398 Εψ
1001 3338 1133 3385 Aeacum·

220 3418 272 3465 qne
283 3404 308 3453 A
318 3404 495 3467 Aeeccnqne
507 3402 584 3452 Grcn.
598 3400 610 3468 Η
624 3404 688 3453 1563
698 3403 776 3453 facie
786 3403 812 3452 Ε
817 3412 840 3467 ψ
853 3404 915 3452 fate
926 3402 997 3453 ΙιΕΑ
1010 3399 1021 3468 ΙΙ
1033 3403 1130 3453 discer-

220 3484 289 3518 nens
299 3469 390 3518 ΕΕΕΑ
401 3467 591 3536 discernende}
617 3469 1129 3535 feriensEferieslAEferipfieriAil
1233 3464 1234 3476 ¹

220 3541 352 3599 tyrannos
361 3536 427 3585 Em
435 3538 547 3599 tyranni
557 3539 581 3587 A
601 3534 606 3602 Ι
621 3540 721 3589 occcidit
733 3540 831 3589 ultimus
841 3537 991 3602 etropliaeb
1005 3554 1100 3589 uerene.
1111 3534 1121 3604 Η
