2550 3917
543 231 710 276 rnannaa
1028 215 1088 278 147

259 371 349 432 uincit
362 387 467 430 saeuas
480 387 553 430 eura
568 386 723 430 nouercae.
1106 379 1156 430 365

300 454 392 516 Altrix
407 454 527 532 profare
543 454 613 532 quid
628 453 725 514 leras‘l
749 470 877 530 quonam
894 454 923 512 in
939 451 1006 513 loco
1022 460 1066 513 est

257 541 379 616 regina?
400 541 498 600 saeuis
513 541 614 616 ecquis
630 545 674 597 est
689 538 817 598 llammis
833 539 955 599 modus?

369 754 511 806 NVTRIX,
536 754 714 800 PHAEDRA.
739 753 885 800 OHORVS.

134 903 153 935 a
217 878 290 954 Spes
306 876 385 937 nulla
402 884 514 937 tantum
530 895 618 955 posse
634 875 722 935 leniri
738 874 846 936 malum

170 962 296 1039 finisque
310 961 438 1021 llammis
452 960 552 1021 nullus
567 962 680 1020 insanis
697 963 761 1020 erit.

169 1054 302 1106 terretur
317 1053 400 1106 aestu
416 1048 505 1106 tacito
521 1052 550 1105 et
564 1045 697 1105 inclusus
712 1063 830 1124 queque

169 1131 306 1209 quamuis
323 1137 436 1208 tegatur
452 1130 588 1208 proditur
604 1127 689 1190 uultu
705 1131 803 1188 luror:

170 1217 300 1294 erumpit
315 1214 411 1275 oeulis
425 1217 504 1290 ignis
519 1221 548 1274 et
564 1212 659 1274 lassae
675 1231 772 1290 genae

168 1299 267 1360 lucem
283 1307 432 1359 recusant.
465 1298 538 1358 nibil
554 1298 632 1358 idem
649 1298 757 1358 dubiae
772 1297 869 1377 placet

168 1389 308 1462 artusque
323 1386 406 1444 uarie
422 1385 508 1443 laetat
523 1387 655 1444 incertus
671 1382 765 1443 dolor.

134 1477 155 1526 b
212 1469 298 1529 Nune
313 1476 347 1529 ut
360 1467 456 1528 solutu
471 1467 580 1528 labitur
596 1469 727 1528 moriens
741 1467 833 1544 gradu

167 1565 198 1615 et
212 1555 264 1613 uix
279 1552 398 1614 labante
414 1554 539 1614 sustinet
554 1552 630 1613 eollo
646 1559 751 1631 eaput,

166 1655 247 1698 nune
263 1655 295 1698 se
311 1638 404 1715 quieti
418 1637 517 1698 reddit
532 1645 561 1697 et
575 1639 671 1697 somni
686 1640 831 1697 inmemor

166 1730 287 1782 noctem
303 1721 433 1798 querelis
447 1722 538 1781 ducit.
570 1720 661 1782 attolli
677 1723 760 1781 iubet

164 1809 334 1882 iterumque
351 1808 421 1881 poni
437 1823 547 1884 eorpus
570 1815 599 1866 et
614 1806 690 1866 solui
706 1823 821 1874 comae,

166 1908 332 1968 rursusque
347 1891 426 1968 lingl.
456 1908 576 1969 semper
590 1892 737 1967 inpatiens
753 1892 798 1951 sui

165 1982 299 2036 mutatur
314 1973 440 2035 habitus.
472 1969 551 2034 n'ulla
568 1977 627 2035 iam
643 1975 759 2036 Cereris
775 1975 854 2036 subit

166 2078 239 2120 eura
255 2067 306 2119 aut
320 2057 432 2119 salutis.
464 2059 546 2121 uadit
560 2061 675 2121 incerto
691 2061 767 2136 pelle

165 2147 225 2204 iam
241 2142 354 2203 uiribus
370 2143 494 2204 delecta.
517 2161 587 2203 ‘nen
602 2144 680 2204 idem
697 2145 783 2222 uigor

166 2247 229 2289 non
243 2245 294 2287 ora
311 2229 427 2304 tingens
443 2230 528 2288 niuea
544 2245 714 2306 purpureus
729 2227 839 2289 ruber:
884 2289 885 2292 ,

122 2311 152 2370 b'
209 2310 370 2390 Populatur
385 2320 466 2372 artus
482 2330 568 2380 eura,
590 2314 649 2373 iam
665 2329 785 2390 gressus
801 2320 930 2374 tremunt

164 2406 310 2474 tenerque
326 2396 409 2456 nitidi
424 2398 559 2474 corporis
574 2397 681 2458 cecidit
696 2396 787 2457 decer

165 2490 195 2542 et
210 2483 261 2557 qui
276 2479 413 2540 terebant
427 2482 511 2558 signa
526 2481 680 2558 phoebeae
697 2481 768 2541 lacis

166 2565 243 2627 oculi
258 2563 332 2624 nihil
348 2564 457 2642 gentile
475 2583 529 2625 nee
544 2567 674 2644 patrium
690 2566 808 2627 micant.

165 2650 306 2711 lacrimae
321 2648 431 2710 eadunt
444 2667 500 2728 per
515 2667 566 2710 ora
583 2659 612 2711 et
627 2650 745 2710 assiduo
762 2669 855 2727 genae

164 2753 233 2794 rore
247 2735 415 2810 inrigantur
430 2734 556 2812 qualiter
571 2735 663 2796 'lauri
677 2736 752 2812 iugis

164 2820 263 2898 tepido
279 2818 454 2879 madescunt
468 2819 565 2878 imbre
581 2838 739 2898 percussae
756 2822 848 2880 niues,

165 2905 214 2966 sed
232 2922 270 2964 en
285 2909 442 2980 patescunt
456 2905 557 2980 regiae
574 2904 698 2980 fastigia.

229 3107 280 3158 367
303 3107 402 3171 regina
420 3107 513 3156 saeuis
530 3111 559 3157 et
577 3107 639 3170 quis
658 3107 672 3158 ὅ
690 3109 806 3158 flammis
825 3107 920 3158 modus
938 3107 963 3157 Ε
985 3124 1079 3158 uersus

163 3176 208 3225 boe
225 3179 281 3226 loeo
300 3181 405 3224 omarus
422 3178 514 3239 legitur
530 3177 558 3225 in
575 3177 600 3224 A
616 3183 678 3240 poet
694 3193 728 3225 au·
739 3177 790 3225 412
808 3175 925 3240 (sepone
946 3175 988 3237 -l
1011 3177 1078 3226 Vide

164 3246 199 3293 aa
208 3262 234 3294 u.
250 3245 303 3294 348
315 3240 327 3308 ss
338 3250 397 3306 port
408 3259 431 3293 u.
446 3245 498 3292 3⁶7
509 3259 575 3293 noua
587 3259 682 3293 scaena
693 3247 719 3292 in
731 3243 781 3293 EG
797 3243 945 3295 NVTRIX.
964 3243 1077 3296 PHAE-

162 3311 244 3362 ΒΕΔ.
264 3309 416 3361 CHORVS.
434 3309 460 3359 Ε
478 3311 592 3375 phedra.
610 3313 710 3361 nutrix.
730 3311 851 3376 ypolitus
865 3307 972 3378 (711368
990 3311 1078 3360 lenire

163 3378 187 3426 Ε
209 3376 221 3446 [l
244 3382 295 3430 372
316 3379 416 3442 lapsae
435 3395 453 3428 α
471 3378 563 3429 lassae
581 3380 631 3443 Εψ
655 3375 666 3444 ΙΙ
689 3381 738 3430 377
761 3394 814 3428 nee
833 3395 861 3429 se
880 3395 899 3428 α
921 3375 933 3445 ll
957 3381 1007 3430 383
1031 3378 1078 3428 de·

161 3446 238 3498 foeta
256 3463 275 3496 α
287 3443 300 3513 ΙΙ
315 3447 366 3496 384
383 3447 472 3496 nitida
490 3464 512 3498 ω
529 3447 627 3498 niuea
645 3447 788 3496 Markland
803 3443 814 3512 ΙΙ
831 3447 880 3497 387
898 3447 1034 3496 tenab'ant
1052 3446 1077 3494 A

160 3515 291 3566 ferebant
307 3514 334 3562 E
344 3510 358 3580 ΙΙ
370 3516 418 3564 391
438 3516 568 3579 perfusae
587 3518 611 3564 A
630 3529 780 3579 percursas
798 3514 824 3562 Ε
856 3515 860 3574 l

799 3595 858 3656 10···
