2550 3917
189 190 230 256 70
469 207 500 254 Ι..
517 207 651 254 aunam
667 206 822 256 suuncnn

187 346 253 407 hac
268 364 336 425 spe
351 346 474 407 minanti
488 346 601 407 fulmen
617 355 755 408 occurret
769 348 842 419 Ioui,

148 438 175 497 h‘
229 431 256 492 H
263 449 305 492 ac
326 449 392 510 spe
407 430 518 492 subibit
532 433 658 510 gurgitis
672 434 777 493 tumidi
792 435 886 495 minas

188 514 372 595 dubiumque
386 515 500 595 libycae
516 516 611 595 Syrtis
625 517 748 578 intrabit
762 518 879 589 fretum,

187 599 254 661 bac
275 618 356 679 spe,
374 601 453 679 quod
469 619 534 663 esse
550 603 712 663 maximum
727 610 810 663 retur
827 603 944 673 malum,

186 684 309 747 iretrem
325 684 444 746 uidebit

186 781 261 829 εΑΤ.
472 772 538 851 quis
552 772 643 833 tidem
658 774 740 851 pacis
756 771 854 833 dabit?

186 854 234 915 cui
249 860 328 914 tanta
344 855 465 915 credet?

186 952 264 999 Anu.
495 940 617 1002 credula
634 949 678 1002 est
693 958 776 1022 spes
790 941 926 1019 inproba.

159 1038 169 1085 i
230 1023 331 1084 Gnatis
345 1030 445 1085 tamen
460 1025 597 1087 mandata
612 1043 690 1106 quae
704 1032 810 1106 patruo
826 1026 923 1087 ierant

187 1107 335 1169 dabimus:
353 1108 464 1168 relictis
480 1109 548 1171 exul
563 1112 699 1190 hospitiis
714 1127 808 1188 uagus

185 1210 278 1271 regno
293 1200 327 1254 ut
340 1195 518 1254 miserias
532 1202 627 1256 mutet
642 1202 730 1273 atque
745 1197 841 1274 Argos
855 1204 940 1273 regat

186 1284 321 1355 exparte
337 1278 482 1339 domiuus.
510 1281 534 1340 si
551 1281 640 1340 nimis
656 1281 748 1342 durus
763 1299 869 1359 preces

185 1369 307 1440 spernet
321 1362 479 1441 Thyestes:
500 1362 611 1425 liberos
627 1367 691 1425 eius
706 1365 796 1428 rudes

183 1445 329 1527 malisque
345 1446 439 1508 sessos
454 1448 597 1525 grauibus
612 1458 642 1511 et
656 1449 757 1511 faciles
773 1453 838 1530 capi

185 1549 291 1609 preces
305 1531 478 1593 monebunt.

149 1627 168 1685 i'
532 1618 608 1679 Hinc
623 1626 710 1679 uetus
726 1621 811 1698 regni
826 1620 911 1679 furor

185 1698 266 1760 illinc
283 1708 397 1777 egestas
412 1702 502 1762 tristis
518 1718 556 1763 ac
571 1702 666 1764 durus
681 1703 768 1778 labor

183 1787 318 1863 quamuis
333 1787 478 1863 rigentem
494 1794 538 1847 tot
553 1787 637 1847 maiis
653 1787 789 1864 subigent
803 1789 910 1847 uirurn.

183 1882 258 1929 san.
284 1871 343 1930 iam
359 1877 476 1949 tempus
491 1871 531 1933 ilii
545 1873 617 1933 iecit
632 1890 790 1933 aerumnas
805 1870 896 1932 leues.

183 1967 263 2016 Anu.
292 1972 393 2016 erras:
411 1956 557 2019 maiorum
574 1975 677 2019 sensus
694 1957 838 2017 accrescit
853 1956 909 2018 die.

182 2038 248 2099 teuc
265 2046 310 2100 est
325 2041 500 2103 miserias
516 2042 603 2111 ierre,
620 2041 755 2119 perferre
771 2049 816 2101 est
830 2058 931 2118 graue.

147 2140 167 2189 k
228 2135 303 2184 ssu.
327 2123 407 2187 Alios
422 2127 574 2188 ministros
589 2125 694 2186 consiti
710 2127 799 2185 tristis
813 2125 896 2204 lege:

181 2209 286 2305 peiora
299 2209 423 2270 iuuenes
439 2211 524 2271 facile
538 2218 697 2289 praecepta
712 2209 844 2280 audiunt,

181 2294 212 2354 in
231 2299 316 2371 patre
330 2294 453 2365 facient,
471 2294 633 2375 quicquid
625 2312 655 2353 rn
671 2301 777 2371 patruo
793 2294 891 2357 doces.

163 2396 271 2473 saepe
285 2380 316 2438 in
330 2380 503 2458 magistrum
519 2378 668 2439 scelera
688 2380 842 2443 redierunt
856 2400 918 2442 sua

141 2454 170 2511 k'
224 2475 303 2524 ΛΤΒ.
328 2465 367 2525 Vt
380 2481 469 2523 nemo
485 2464 590 2523 doceat
605 2463 753 2526 iraudts
769 2464 1067 2527 etscelerrsuras

180 2564 308 2626 regnum
324 2546 450 2608 docebit,
476 2564 514 2608 ne
529 2547 598 2608 mali
612 2549 685 2609 tiant
699 2552 806 2611 times?

180 2639 344 2693 nascuntur
358 2631 445 2692 istud.
473 2632 553 2709 quod
568 2650 658 2694 uocas
674 2652 798 2696 saeuum
813 2651 950 2713 asperum

180 2718 286 2796 agique
301 2717 375 2776 dure
391 2715 487 2776 credis
505 2724 534 2777 et
548 2719 673 2779 nimium
688 2721 783 2798 inpio,
1025 2718 1027 2725 '
1116 2726 1169 2776 315

181 2801 307 2863 fortasse
323 2807 352 2860 et
367 2799 427 2860 illic
442 2802 550 2878 agitur.

180 2936 384 2945 ———

248 3007 298 3054 290
315 3005 435 3067 legitur'
425 3020 451 3053 m
469 3004 495 3052 E
509 3012 585 3087 port⁸
589 3021 612 3054 u
625 3007 676 3055 293
699 3000 711 3071 l}
734 3007 784 3056 300
803 3006 862 3056 eiua
880 3006 961 3057 rudes
980 3024 1001 3057 ω
1020 3008 1097 3057 aeui

179 3087 201 3122 r.
220 3075 252 3121 ct.
273 3071 365 3133 mie,
384 3071 541 3122 meliusr.
560 3074 591 3123 ci
604 3073 751 3123 L.lterMue
753 3069 795 3139 ΙΙ
825 3076 874 3125 302
893 3090 1096 3141 precornmoue-

178 3139 248 3189 bunt
273 3141 315 3188 eet
339 3154 423 3204 prece
446 3141 636 3204 monebuntp
672 3157 754 3205 prece
774 3142 949 3193 commonebo
967 3142 1038 3192 nnn
1053 3158 1095 3195 cn.

179 3222 215 3256 ex
226 3206 293 3256 Pan
336 3222 400 3257 rece
419 3209 632 3260 commonebant
649 3212 680 3258 ci
695 3210 849 3261 LMuelter.
879 3225 981 3275 preces
1004 3225 1097 3261 moue·

178 3274 248 3323 bunt
266 3289 286 3323 α
316 3223 334 3341 ff
364 3277 414 3327 303
439 3276 505 3325 hinc
527 3275 611 3326 durus
632 3293 655 3325 m
685 3292 724 3328 uc
748 3277 830 3327 durus
850 3278 900 3329 Βο
934 3274 952 3409 Ἃ
980 3280 1030 3328 307
1055 3282 1098 3328 est

180 3356 266 3404 graue
284 3342 310 3391 E
329 3347 371 3393 est
388 3359 436 3394 om.
449 3346 475 3393 A
487 3338 510 3409 ΙΙ
533 3345 583 3395 308
601 3345 724 3395 consiliis
743 3346 767 3406 (s
786 3361 854 3398 erae.
872 3347 898 3397 a’n
915 3346 939 3395 Ii
971 3345 1096 3408 tristiam

180 3409 303 3461 consiliis
326 3412 388 3461 istie
411 3427 431 3461 α
460 3412 572 3463 consilii
593 3413 681 3465 tristis
699 3412 817 3473 Mean,
847 3412 946 3463 consili
964 3413 1054 3463 tristis
1071 3412 1097 3461 Ε

180 3474 282 3543 (tGr.)
311 3474 323 3546 ss
351 3482 401 3531 309
420 3480 498 3529 ΛΤΒ.
516 3481 612 3545 peiora
630 3480 656 3528 Ε
683 3481 862 3533 ATR.orn.A
886 3477 897 3547 Η

1265 3552 1267 3565 i

1186 3634 1192 3641 ι
