2550 3917
593 203 715 250 Mansa
1050 190 1114 255 315

157 357 179 406 k
241 355 307 404 iss,
341 344 402 403 iam
430 361 539 424 perage
566 349 705 421 coeptum
732 344 913 403 facinus-
940 343 1010 405 iiaut
1036 343 1113 406 ultre

704 444 813 504 precor
827 463 870 473 —

198 529 372 590 moremque
388 511 491 573 saitem
507 510 647 590 supplicis
664 511 741 572 dona
756 514 837 574 meis.

201 609 285 656 Mel).
310 596 466 672 perfruere
482 595 561 657 lento
578 595 692 656 sceiere
708 613 745 657 ne
759 614 887 677 propera
904 597 997 659 dolor.

199 697 283 740 meus
300 679 362 740 dies
378 687 436 742 est:
459 688 594 760 tempore
610 689 732 760 accepto
747 683 868 743 utimur.
1133 692 1198 744 1026

159 777 172 828 l
245 775 312 824 las,
336 764 444 826 {niesta
460 772 568 827 memet
582 767 706 844 perime.

194 861 281 909 MED.
747 851 883 911 misereri
897 850 990 912 iubes.

194 933 274 995 bene
291 940 349 994 est:
373 941 526 1011 peractum
543 941 595 994 est.
627 931 712 1013 plura
728 952 788 995 non
804 934 894 995 habui
909 934 994 996 dolor

196 1037 274 1097 quae
290 1017 342 1078 tihi
357 1016 481 1080 litarem.
512 1018 623 1080 lumina
639 1020 698 1079 hue
712 1019 823 1080 tumida
839 1017 942 1080 adleua

196 1105 312 1181 ingrate
327 1102 423 1163 lason.
455 1105 610 1182 coniugem
626 1104 762 1180 agnoscis
776 1104 875 1164 tuam?

197 1189 242 1248 sie
258 1187 361 1264 fugere
377 1187 475 1249 soleo:
498 1189 592 1266 patuit
604 1187 635 1246 in
653 1186 766 1249 eaelum
785 1189 846 1249 uis:

151 1275 176 1336 1'
245 1272 407 1349 squamosa
422 1273 531 1349 gemini
547 1271 620 1332 001Ιο
637 1280 791 1350 serpentes
805 1274 874 1351 iugo
1034 1346 1038 1353 ¹

198 1355 345 1416 submissa
360 1357 512 1433 praebent.
544 1358 645 1435 recipe
660 1358 718 1416 iam
734 1365 838 1435 gnatos
853 1374 970 1436 parens.

199 1458 255 1518 ego
271 1441 347 1500 inter
363 1459 449 1501 auras
466 1441 526 1502 aliti
542 1458 633 1502 curru
649 1441 751 1503 uehar.

201 1536 267 1584 IAS.
291 1524 417 1600 peralta
433 1527 508 1588 aede
524 1526 616 1606 spatia
632 1524 751 1586 sublimi
766 1524 903 1586 aetheris.

201 1616 311 1670 testare
328 1607 424 1668 nullos
439 1630 503 1672 esse
520 1629 576 1690 qua
591 1611 712 1670 ueheris
727 1610 807 1670 deos.

266 1898 331 1946 1022
349 1911 433 1963 perge
446 1897 471 1946 E
482 1894 494 1964 ΙΙ
507 1899 573 1948 1024
585 1895 694 1946 scelere
706 1897 732 1946 Α
750 1895 853 1946 sceleri
864 1895 889 1943 E
901 1892 913 1961 ΙΙ
926 1898 992 1948 1034
1003 1894 1083 1947 uadit
1096 1910 1115 1946 α

196 1963 269 2014 uade
281 1971 320 2027 ψε
338 1964 428 2015 uades
447 1965 478 2014 ei,
490 1965 541 2017 Bo.
555 1960 566 2030 ΙΙ
579 1963 780 2013 aetheriam
800 1963 906 2013 aetheri
918 1963 943 2012 E
954 1962 966 2031 ΙΙ
977 1961 1112 2014 MAROI·

198 2029 301 2081 chn
314 2055 321 2069 ·
335 2031 449 2083 ANNEI
463 2057 469 2072 ·
484 2031 650 2084 SENECAE
666 2030 816 2079 -MEDEA
829 2055 836 2069 ·
850 2030 1025 2083 EXPLICIT
1040 2056 1046 2071 ·
1060 2030 1114 2082 IN-

196 2097 297 2151 OIPIT
311 2122 318 2138 ·
332 2098 516 2151 PHAEDRA.
536 2100 561 2150 E
590 2097 714 2163 Explicit
730 2097 830 2148 Medea
851 2100 979 2164 tragedia
996 2101 1114 2165 septima

199 2165 323 2217 feliciter
340 2166 384 2217 die
398 2167 473 2220 sed’o
486 2166 560 2231 Iullij
573 2164 824 2229 MCOOLXXXXJ.
844 2167 907 2216 dum
919 2166 961 2218 do’
974 2167 1114 2219 Iohannes

196 2230 301 2284 aueuth
324 2233 444 2286 hostrlrtr
465 2237 601 2286 militaret
623 2239 654 2284 ut
673 2232 744 2282 alias
763 2236 879 2300 seriptu3
899 2239 941 2285 est
959 2235 1113 2300 territoriu3

195 2315 363 2354 cremonese.
382 2305 459 2355 evit
487 2301 499 2370 ΙΙ
