2550 3917
526 160 726 210 PRAEFATIO

188 312 254 370 cum
266 332 333 369 usus
347 333 408 368 eras
419 317 598 380 humerisque
610 316 666 367 tuis

224 384 294 435 fulta
306 400 324 449 p
338 386 435 435 cinnas
447 390 538 435 tecum
552 386 653 435 cecidit
664 386 772 435 somnus
785 385 878 451 quella

163 468 165 473 ·
187 450 336 504 llaectoris
347 453 419 503 idem
431 453 523 519 patria
535 453 581 519 qui
593 454 650 503 luit
660 453 762 503 uestita

223 522 329 586 priamo
342 526 450 571 uestros
462 520 570 570 fundite
583 520 663 571 fletus
677 520 745 571 satis

188 617 327 686 Choaccip
341 626 416 673 estcr
427 621 535 689 phrigia
547 598 657 687 plafctus

224 691 321 756 accipe
333 692 414 741 fletus
426 692 470 741 bis
484 694 566 755 capte
579 704 666 740 senex

188 753 240 875 llil1
243 760 328 877 33:31
329 758 460 891 pegppote
473 773 538 825 rege
552 757 616 807 tulit
628 758 672 808 bis
685 756 792 823 pulsari
803 758 875 809 uidit

189 924 306 978 Moenar
315 928 388 979 ferro
400 928 498 993 bisque
510 926 657 993 pharetras
669 942 753 992 passa
765 902 899 978 hiulcas

222 999 301 1060 porte
313 994 387 1047 latos
398 995 513 1061 haecube
523 1001 619 1060 partus
631 1011 662 1045 re
676 1034 682 1044 .
698 1033 703 1045 .
720 1034 726 1045 .
741 1032 748 1045 .
761 994 782 1060 ⁴)

189 1059 334 1115 Postrema
347 1069 425 1129 pater
437 1064 537 1114 funera
551 1063 638 1113 cludis
652 1101 790 1113 .......
801 1102 812 1115 ,.
828 1101 834 1113 .

225 1131 417 1197 caelfufliguea
429 1132 530 1197 premIs
544 1131 630 1181 litter
643 1146 660 1180 a
673 1131 693 1195 5)
709 1168 825 1181 ......

189 1192 271 1249 Haec
285 1200 340 1250 alio
353 1200 484 1249 lacrimas
496 1199 600 1249 flectite
614 1197 678 1248 tiras
690 1214 745 1249 non
759 1203 829 1264 estp
844 1237 850 1249 .
866 1236 872 1248 .
888 1236 894 1249 .
910 1237 917 1250 .

224 1267 383 1317 miseranda
395 1283 437 1317 me
450 1282 522 1317 mors
535 1266 635 1317 iliades
647 1265 714 1316 felix
727 1267 826 1331 priami

190 1329 284 1385 Ilicite
299 1340 398 1385 cuncte
411 1335 484 1385 liber
494 1350 590 1385 manee
602 1334 682 1385 uadit
695 1334 731 1383 ad
742 1335 812 1385 imos

224 1402 283 1452 Nec
295 1403 369 1453 feret
380 1418 509 1466 umquam
520 1403 598 1452 uicta
610 1417 725 1467 granum
740 1403 850 1453 ceruice
863 1402 930 1466 iugi

190 1465 251 1520 Non
262 1470 310 1519 ille
323 1470 391 1521 duos
402 1471 479 1521 uidet
490 1469 597 1521 triadas
609 1485 661 1519 nec
675 1470 807 1520 fallacem

225 1538 314 1587 cernit
325 1538 420 1587 ulixen
432 1554 487 1589 non
500 1538 618 1604 argolici
628 1537 683 1604 pda
696 1537 828 1602 triumphi

192 1600 325 1657 Subiecta
338 1606 411 1657 feret
424 1605 496 1657 colla
508 1606 612 1671 tropeis
624 1620 681 1656 non
694 1604 730 1654 ad
743 1608 855 1670 sceptra

225 1722 323 1758 manus
337 1708 533 1775 potergadabit
545 1723 625 1774 agam
638 1682 779 1759 me¹¹n0ni0s
793 1721 878 1757 aurea

228 1774 326 1825 dextra
338 1776 450 1827 uincula
462 1776 529 1826 latis
541 1776 589 1827 fiet
600 1791 700 1843 pompa
712 1776 828 1825 micenis

191 1838 320 1895 Gholelix
333 1846 454 1910 priamus
467 1844 583 1894 dicimus
596 1860 691 1895 omnes
703 1858 797 1893 secum
811 1843 947 1893 excedens

228 1925 278 1960 sua
291 1927 377 1977 regna
389 1910 453 1961 tulit
467 1927 540 1962 nunc
554 1916 582 1963 et
596 1911 723 1975 lysumen
734 1910 809 1960 horis
822 1910 890 1961 tutis

229 1983 304 2029 errat
315 1980 345 2029 in
356 1980 460 2029 umbris
473 1978 573 2043 inique
589 1980 651 2044 pias
663 1980 732 2030 felix
745 1979 852 2029 animas
866 1979 917 2044 hec

228 2048 384 2112 totaquerit
396 2047 466 2097 felix
478 2048 600 2113 priamus
614 2046 684 2097 felix
697 2046 823 2111 quisquis
835 2046 909 2097 bello

227 2116 347 2165 moriens
360 2115 451 2165 omnia
464 2130 557 2167 secum
569 2119 730 2180 consumpta
741 2114 818 2165 tulit.

353 2248 441 2286 snus.
455 2248 561 2285 Taurus
574 2248 611 2284 EX
623 2246 786 2283 unisonum
797 2248 918 2283 ΠΕΒΕΛΕ.

194 2331 333 2389 θὴουιιΗα
344 2336 387 2385 uis
399 2336 478 2387 flama
491 2336 591 2386 tumidi
604 2336 698 2386 euenti
709 2339 790 2384 tanta

229 2408 314 2453 necta
326 2402 394 2453 lima
406 2403 511 2454 uendat
524 2408 629 2467 quanta
643 2405 677 2452 cir
689 2404 771 2453 ciunx
782 2401 897 2452 uiduata

231 2470 310 2521 ardet
322 2474 350 2520 et
363 2471 421 2520 odit
433 2487 488 2521 non
501 2471 550 2520 ubi
562 2471 693 2523 hibernos
705 2470 849 2519 nubilosus
862 2470 964 2520 imbres

195 2536 299 2590 Auster
310 2538 388 2587 <luxit
400 2544 519 2605 pperata
531 2539 619 2591 hister
632 2542 661 2588 et
675 2543 788 2589 cunctos
800 2536 891 2588 uitale

230 2620 357 2672 acuagus
371 2612 432 2658 erat
444 2622 499 2658 non
510 2606 559 2656 ubi
566 2605 653 2724 lpullit
665 2607 784 2657 rodanus
796 2606 930 2669 piundum

537 2674 565 2725 fc
579 2711 584 2724 .
597 2674 629 2723 58
642 2679 726 2729 recta.

233 2744 282 2791 aut
294 2741 343 2792 ubi
354 2742 383 2792 in
394 2742 469 2793 riuos
481 2742 592 2793 niuibus
605 2741 702 2793 solutis
715 2742 831 2793 soleiam
844 2739 942 2803 forte0)

228 2809 374 2873 medioque
386 2826 452 2861 uere
656 2811 746 2861 tabuit
758 2809 867 2859 themis.

194 2872 302 2930 Caecus
316 2874 355 2927 ·ὅ·
367 2879 442 2943 ignis
455 2877 611 2928 stimulatus
623 2880 666 2928 ira
678 2893 730 2928 nec
742 2877 802 2943 regi
814 2878 889 2928 iurat

230 2946 337 3010 patitur
348 2945 478 2996 uefrenos
492 2951 540 2996 aut
552 2948 631 2997 timet
643 2951 758 2996 mortem
772 2946 866 3012 cupit
875 2943 896 3007 7)

229 3014 270 3063 ire
284 3015 312 3063 in
325 3014 400 3079 ipsos
414 3013 465 3063 cho
479 3014 576 3065 obuius
589 3029 680 3066 enses.
715 3029 751 3063 ux
768 3028 882 3065 acerum
895 3005 945 3065 ῖιῖ.

194 3078 293 3133 Effusa
304 3081 430 3131 redimite
445 3096 577 3132 commem
590 3086 707 3132 natante
720 3083 842 3132 corimbo

230 3149 371 3200 mollianis
384 3150 425 3200 eis
438 3154 561 3200 armatus
573 3149 690 3201 brachia

230 3334 258 3398 4)
282 3342 397 3386 extrema
418 3338 504 3388 borum
528 3353 570 3389 aa.
589 3337 668 3387 uerba
689 3336 821 3401 absumpta
837 3338 910 3401 piceo
932 3338 1040 3400 anquina

160 3402 285 3523 {mm
303 3418 320 3453 a
336 3407 443 3459 incerta.
514 3405 540 3469 6)
557 3420 626 3456 corr.
646 3421 681 3455 ecc
697 3404 764 3455 forti
832 3403 858 3468 7)
873 3404 948 3469 cupit
960 3406 986 3453 in
998 3419 1052 3455 ras.
1065 3418 1108 3452 ea·
