2550 3917
19 2696 22 2815 t

515 187 686 236 PHAEDRA

526 423 672 474 CHORVS·

270 581 379 652 Quanti
394 599 480 642 casus
494 581 622 642 humana
638 587 746 640 rotant.

226 669 324 728 minor
338 669 369 728 in
384 668 488 747 paruis
504 664 620 726 fortuna
636 665 708 746 fugit

227 753 379 832 leuiusque
394 752 464 812 serit
477 749 591 811 leuiora
606 749 695 822 dene,
772 808 774 812 .

226 845 325 898 seruat
339 835 471 916 placidos
485 835 612 896 obscura
627 835 712 914 quies

226 921 408 1001 praebetque
422 937 510 980 seues
525 937 593 980 easa
606 936 739 980 securos.

270 1090 395 1151 Admota
410 1088 550 1150 aetheriis
565 1087 693 1150 eulmina
710 1087 829 1149 sedibus

227 1193 314 1237 eurus
330 1174 480 1253 excipiunt
494 1174 645 1251 excipiunt
659 1180 745 1232 notos
841 1187 844 1192 ’

226 1260 322 1320 insani
338 1258 449 1320 boreae
464 1259 559 1319 minas

225 1344 475 1423 imbriferumque
490 1361 603 1403 eorum.
1077 1350 1143 1402 1140

270 1511 367 1573 Raros
381 1512 490 1590 patitur
504 1510 634 1570 fulminis
649 1512 724 1571 iotus
1005 1522 1028 1564 s.
1039 1521 1159 1566 uxxxuu

226 1597 346 1656 humida
362 1595 463 1656 uallis:
477 1597 600 1656 tremuit
614 1595 673 1655 telo

118 1691 121 1696 “
226 1680 304 1742 louis
319 1679 436 1740 altisoni
451 1679 598 1742 Caucasus
611 1681 717 1758 iugens

226 1766 442 1844 phrygiumque
456 1782 561 1824 nemus
576 1767 679 1826 matris
694 1761 826 1844 Cybeles.
851 1787 862 1808 =

226 1857 361 1910 metuens
376 1848 458 1910 eaelo
473 1848 606 1927 luppiter
621 1847 680 1910 alto

226 1935 323 1995 lucina
337 1936 420 2012 petit.

270 2101 355 2164 Circa
370 2120 460 2180 regua
476 2110 615 2163 tonat-
630 2148 637 2160 .
657 2149 663 2161 .
680 2135 722 2146 -
738 2145 745 2161 .
762 2137 805 2148 --

227 2221 734 2248 ———-..--—.·-—=.—

227 2306 569 2331 ——u—'0-—··—

270 2524 335 2585 Nou
350 2527 430 2604 capit
444 2543 584 2603 umquam
600 2541 723 2602 magnos
738 2532 837 2586 motus

225 2607 345 2669 humilis
358 2609 428 2687 teeti
442 2609 557 2688 plebeia
573 2610 689 2670 domus.

226 2691 306 2753 uolat
319 2693 464 2772 ambiguis
479 2693 596 2755 mobilis
611 2694 664 2755 alis
725 2772 729 2780 ι

139 2875 344 2890 ———-.-

209 2996 275 3046 1136
292 2995 463 3060 praebetque
481 3011 563 3046 senes
579 2997 630 3062 Εψ
651 2997 770 3063 praebet
787 2996 932 3048 somnoa'u
954 2993 968 3064 ΙΙ
990 2999 1057 3050 1138

135 3063 230 3113 Durus
249 3064 393 3127 excipiunt
411 3068 491 3114 notos
503 3065 529 3113 A
547 3066 636 3116 Eurus
656 3066 717 3114 exui
737 3065 797 3114 iunt
815 3066 958 3130 excipiunt
975 3070 1056 3116 notos

135 3131 229 3197 EMstp
255 3127 269 3198 ss
297 3133 365 3181 1139
387 3133 480 3182 insani
501 3137 535 3182 et
556 3135 588 3182 ei,
611 3133 687 3183 NHs.
711 3082 816 3199 ffllatl
840 3135 920 3184 uerba
943 3132 1056 3182 humida

134 3199 221 3250 uallis
241 3201 317 3264 ponit
339 3215 358 3248 α
384 3209 444 3250 ante
465 3215 543 3250 raros
564 3204 622 3265 pat.
638 3198 651 3266 ss
668 3199 753 3250 114612
771 3191 851 3268 uerba
875 3202 950 3252 eirea
968 3215 1056 3265 regna

133 3270 227 3329 tonat,
252 3283 318 3333 quae
339 3269 366 3316 in
382 3267 435 3318 ΕΑ
457 3270 557 3332 scripta
573 3276 632 3318 sunt
651 3275 713 3333 post
729 3287 753 3320 u.
774 3271 842 3320 1148
867 3266 983 3332 (domus)
1002 3284 1057 3318 cum

133 3351 185 3386 uno
203 3351 240 3386 ex
256 3337 325 3388 Pau.
344 3335 392 3385 bue
408 3338 541 3387 reuocauit
559 3344 584 3386 et
600 3339 734 3402 relliquiae
757 3351 813 3387 esse
831 3338 954 3400 strophae
972 3341 1054 3388 cotest-

133 3406 200 3453 milia
217 3405 273 3454 eiua
285 3420 351 3470 quae
369 3410 428 3454 ante
447 3405 485 3467 (u.
500 3406 564 3454 1137
577 3403 650 3469 sqq.)
669 3407 762 3470 tepitur
773 3406 882 3456 coniecit
893 3405 959 3458 R.P.
979 3405 1055 3456 cirea

133 3486 242 3536 reges
261 3475 296 3522 et
313 3487 400 3538 regua
418 3476 498 3523 tonat
516 3473 546 3521 ab
565 3473 603 3525 Η.
617 3473 721 3524 Grotius
744 3470 757 3539 ΙΙ
