2550 3917
144 218 149 225 ,
198 142 263 209 328
370 188 381 205 .
589 158 733 206 suonam

199 316 269 360 nam
283 315 350 359 sera
366 290 529 377 nirmquam
545 306 589 358 est
604 297 640 357 ad
657 297 753 358 bonos
769 316 869 359 mores
884 300 939 359 uia.

200 401 289 465 quem
306 384 439 462 paenitet
453 400 611 460 peccasse,
628 399 723 459 paene
739 390 785 443 est
800 384 951 445 innocens.
1230 426 1231 433 1

242 479 323 528 nun.
350 466 414 537 Quo
429 468 545 545 raperis
559 468 680 529 amens?
704 468 801 529 credis
816 475 867 529 aut
882 486 982 547 speras
996 466 1048 528 tibi
1134 475 1174 523 245
1230 474 1231 497 ³

201 553 432 631 Agamemnonis
446 551 534 613 iideie
550 554 742 631 coniugium?
765 564 798 615 ut
811 553 884 613 nihii

202 636 338 698 subesset
353 637 451 696 animo
467 636 545 715 quod
562 654 671 714 graues
686 636 799 697 iaceret
813 647 924 706 metus,

202 728 299 782 tamen
315 719 445 800 superba
461 729 491 783 et
505 722 643 799 inpotens
658 721 735 782 ilatu'
745 724 833 784 nimis

202 806 321 867 fortuna
338 821 446 882 magno
463 807 585 883 spiritus
600 806 728 867 tumidos
744 807 837 869 daret.

244 890 352 952 Grauis
367 889 421 973 iiie
431 891 521 951 sociis
535 898 631 951 stante
646 891 744 951 adhuc
759 891 848 952 Troia
864 892 928 953 init.

200 976 270 1055 quid
286 993 354 1035 rere
369 975 405 1035 ad
422 975 553 1036 animum
568 983 672 1052 suapte
689 982 794 1037 natura
810 983 924 1038 trucem

201 1059 319 1121 Troiam
334 1058 499 1120 addidisse?
523 1077 577 1121 rex
592 1060 782 1138 Mycenarum
799 1061 868 1130 init,

185 1146 301 1233 ’ueniet
316 1152 473 1224 tyrannus:
495 1161 641 1223 prospera
656 1146 772 1205 animos
787 1147 923 1208 ederunt.

201 1230 292 1290 etiosa
309 1230 388 1290 circa
404 1226 549 1306 paelicum
565 1236 675 1308 quanto
691 1231 774 1290 uenit

201 1313 289 1375 turba
304 1319 457 1393 apparatu.
488 1312 550 1373 sola
565 1314 617 1373 sed
633 1312 721 1374 turba
738 1316 848 1375 eminet
917 1319 920 1324 '

201 1405 344 1475 tenetque
358 1415 460 1475 regem
476 1396 585 1458 iamuia
600 1397 723 1459 ueridici
738 1400 795 1460 dei.

243 1484 373 1543 Feresne
388 1480 508 1542 thalami
523 1482 601 1543 uicta
617 1490 785 1543 consortem
802 1486 863 1545 tui?

204 1575 233 1627 at
247 1565 296 1627 illa
312 1565 402 1627 nolet.
434 1565 570 1626 ultimum
587 1574 632 1627 est
646 1574 756 1646 nuptae
770 1565 880 1629 maium

201 1650 300 1732 palam
316 1652 452 1711 maritam
467 1649 622 1728 possidens
636 1650 743 1729 paelex
758 1652 888 1713 domum.

200 1753 257 1797 neo
272 1752 365 1813 regna
380 1736 494 1795 socium
511 1734 590 1795 serre
607 1754 662 1796 nec
678 1737 781 1797 taedae
796 1738 903 1798 sciunt.

244 1832 343 1880 cour.
366 1820 505 1896 Aegisthe
521 1820 591 1896 quid
607 1839 656 1881 me
671 1838 777 1881 rursus
792 1818 820 1881 in
837 1838 980 1901 praeceps
994 1820 1052 1899 agis

201 1905 336 1983 iramque
352 1903 479 1965 flammis
494 1905 551 1965 iam
568 1905 751 1966 residentem
768 1907 890 1967 incitas?

202 1990 338 2067 permisit
352 1988 461 2069 aliquid
478 1990 575 2049 uictor
589 1990 619 2048 in
635 1996 751 2067 captam
768 1989 839 2051 sibi:

202 2092 259 2134 nec
275 2073 432 2151 coniugem
448 2073 505 2133 hoo
521 2075 672 2150 respicere
688 2092 744 2134 neo
760 2074 910 2136 dominam
926 2075 1016 2137 decet

247 2158 307 2218 Lex
324 2156 379 2217 alia
396 2156 469 2217 solio
485 2164 531 2218 est
544 2156 599 2218 aiia
616 2160 734 2237 priuato
749 2160 780 2219 in
797 2167 873 2223 toro.

180 2293 183 2297 Δ
203 2241 275 2322 quid
291 2241 370 2320 quod
386 2260 507 2303 seueras
523 2242 603 2303 ierre
618 2260 667 2304 me
682 2242 764 2319 leges
780 2246 845 2305 uiro

203 2344 263 2386 noo
279 2328 390 2405 patitur
405 2327 520 2387 animus
535 2328 631 2404 turpis
647 2327 766 2388 admissi
782 2346 906 2390 memor.

204 2411 254 2472 det
269 2409 318 2472 ille
333 2412 451 2472 neniam
469 2410 555 2473 facile
570 2412 619 2472 oui
633 2414 721 2472 uenia
737 2417 782 2474 est
797 2430 881 2491 opus.

245 2508 325 2556 And.
350 2496 390 2555 ita
407 2495 471 2557 esti
493 2497 603 2573 pacisci
618 2507 750 2558 mutuam
767 2499 885 2559 ueniam
901 2497 987 2559 liceti

201 2582 301 2659 ignota
319 2579 370 2641 tibi
386 2587 454 2641 sunt
469 2582 533 2641 iura
549 2597 711 2658 regnorum
728 2581 800 2643 haut
815 2601 901 2645 noua.
1132 2584 1178 2633 2⁷⁰

203 2664 290 2726 nobis
305 2664 424 2743 maligni
439 2664 552 2726 iudices
568 2667 654 2744 aequi
669 2664 726 2728 sibi

271 2902 323 2950 244
340 2915 465 2965 poenae
484 2917 503 2950 α
532 2897 544 2965 Η
573 2902 623 2951 255
642 2901 702 2952 sola
720 2902 769 2953 sed
786 2904 868 2953 turba
887 2903 989 2955 eminet
1006 2902 1030 2951 E
1059 2901 1116 2951 sois

203 2968 251 3020 sed
264 2968 344 3033 longe
358 2985 409 3019 em.
422 2970 446 3019 A
466 2968 548 3018 turba
561 2970 610 3019 sed
623 2969 705 3036 longe
720 2986 770 3021 em.
784 2970 824 3020 ΛΕ
836 2968 847 3038 ΙΙ
859 2972 909 3021 256
922 2985 1033 3038 regnum
1045 2969 1083 3019 nd
1102 2968 1115 3031 Η

202 3038 254 3088 266
270 3036 359 3086 nollet
376 3036 402 3085 E
429 3033 442 3102 ΙΙ
471 3038 521 3087 269
543 3037 645 3087 marita
668 3054 704 3089 esc
726 3054 795 3089 corr.
814 3056 855 3104 pr.
875 3054 906 3089 m.
925 3039 951 3089 E
980 3037 1071 3089 mariti
1091 3037 1115 3086 A

202 3105 336 3155 maritam
355 3105 429 3155 NHs.
459 3101 464 3171 i
500 3106 549 3153 261
569 3104 649 3156 CLY:
667 3106 692 3155 A
714 3122 762 3156 om.
781 3106 817 3155 E¹
835 3109 883 3158 sed
912 3106 954 3157 ct.
973 3104 1115 3166 oddliiii

204 3174 265 3237 agis
284 3172 309 3220 Ε
326 3174 403 3237 rapis
421 3173 446 3222 A
477 3168 481 3238 Ι
504 3173 558 3221 262
575 3173 678 3222 incitas
696 3173 721 3222 Ε
738 3176 850 3238 Vocem
870 3175 978 3225 excitas
997 3190 1015 3224 α
1036 3169 1047 3239 Η
1070 3173 1118 3221 263

204 3239 306 3303 aliquis
325 3240 350 3289 Ε
369 3240 477 3305 aliquid
496 3239 520 3288 A
538 3236 549 3305 ΙΙ
567 3245 678 3305 captam
697 3241 748 3291 EA
769 3247 869 3308 captas
886 3242 958 3308 Mop.
970 3239 982 3309 ΙΙ
994 3243 1043 3293 264
1059 3240 1118 3291 Non

202 3332 237 3342 -
248 3322 302 3356 non
314 3333 348 3344 -
366 3314 401 3360 ‘n
415 3325 437 3360 v.
451 3310 479 3357 t’
498 3308 570 3359 Delr.
583 3304 594 3373 ΙΙ
606 3310 656 3359 266
669 3308 741 3359 solio
754 3309 805 3359 EA
825 3310 902 3361 socio
914 3320 938 3375 ψ
950 3306 962 3377 Η
974 3311 1082 3376 priuata
1093 3306 1116 3356 Ε

203 3375 319 3489 ppppptp
334 3375 358 3505 ,ᾗ
387 3372 400 3440 ΙΙ
428 3376 458 3423 iu
475 3380 536 3425 toro
555 3375 604 3440 Εψ
625 3376 655 3481 in
673 3392 720 3430 om.
739 3378 764 3427 A
794 3373 806 3440 ΙΙ
835 3381 886 3430 270
904 3383 954 3429 aut
971 3375 1117 3429 EROrtel.
