2550 3917
418 201 600 250 usucvcus
618 187 807 269 [cerasus]
1009 187 1072 252 379

152 345 201 405 hic
217 345 319 404 uincet
335 343 461 404 animus.
493 349 576 419 capta
592 342 754 420 praeripiet
769 340 868 402 toros?
1089 353 1139 402 290

152 429 250 489 adhuc
264 426 405 488 timebam
422 433 570 494 monstra,
587 426 644 486 iam
660 425 774 486 nullum
789 433 834 486 est
849 424 968 486 malum.

152 531 272 574 cessere
287 520 400 590 pestes,
416 513 446 571 in
462 510 562 571 lecum
577 511 659 570 uenit
675 511 756 570 ferae

151 599 246 658 inuisa
262 594 375 674 paelex.
407 613 521 655 summe
537 611 591 672 pre
607 602 707 655 rector
723 596 810 654 deum

150 689 181 744 et
196 681 277 742 clare
293 681 379 742 Titan
395 679 531 741 Herculis
546 685 661 740 tantum
677 679 720 739 lui

149 768 283 828 coniunx
298 766 437 826 timentis.
469 771 536 825 uota
553 781 629 840 quae
645 765 762 841 superis
777 762 844 831 tuli,

148 868 271 912 cessere
287 857 403 928 captae,
420 848 525 927 paelici
541 847 611 908 felix
626 847 677 908 fui,

150 935 194 996 illi
210 951 293 995 meas
309 933 430 994 audistis
446 951 463 993 c
479 934 580 1010 superi
594 951 710 1010 preces,
757 998 759 1003 ,

149 1017 307 1080 incolumis
322 1018 364 1078 illi
380 1025 502 1079 remeat.
533 1036 550 1077 ο
567 1016 646 1077 nulla
662 1016 747 1077 ddlor

152 1111 293 1165 contente
309 1121 405 1183 poena
421 1119 532 1180 quaere
548 1101 693 1181 supplicia
709 1100 829 1161 horrida

147 1189 310 1263 incogitata
325 1187 457 1248 infanda.
488 1187 631 1248 lunonem
647 1187 722 1246 doce

145 1272 222 1352 quid
239 1272 305 1332 odia
322 1271 455 1333 ualeant:
478 1273 572 1332 nescit
586 1272 676 1332 irasci
690 1271 770 1330 satis.

147 1376 207 1436 pro
224 1375 271 1417 me
287 1355 413 1434 gerebas
428 1354 521 1426 bella,
538 1362 662 1434 propter
678 1373 726 1415 me
741 1372 831 1432 uagas

148 1440 300 1502 Achelous
314 1441 408 1502 undas
424 1442 567 1518 sanguiue
582 1441 684 1500 infecit
700 1456 769 1509 suc,
825 1441 829 1446 ’

146 1544 220 1588 curu
236 1525 315 1587 lenta
330 1543 455 1603 serpens
470 1526 569 1594 fieret,
587 1525 617 1584 iu
632 1533 752 1584 taurum
767 1531 883 1585 trucem

149 1628 233 1671 nunc
248 1610 381 1671 flecteret
395 1617 534 1689 serpente
550 1608 683 1686 deposita
699 1610 809 1677 minas,

145 1702 184 1756 ut
199 1693 280 1755 mille
296 1697 325 1754 in
340 1695 425 1756 hoste
440 1695 577 1755 uiucercs
592 1711 651 1753 une
668 1693 757 1753 feras.

23 1747 24 1836 l
81 1837 85 1848 ,
149 1781 209 1841 iam
226 1777 430 1858 displicemus,
448 1786 532 1858 capta
548 1777 678 1855 praelata
694 1784 738 1837 cst
753 1777 836 1837 mihi.

150 1882 212 1924 non
227 1864 428 1943 praeferetur:
453 1865 503 1941 qui
519 1861 580 1922 dies
596 1860 717 1922 thalami
732 1861 852 1923 ultimus

147 1950 246 2010 uestri
261 1956 306 2008 est
320 1949 450 2018 futurus,
468 1947 516 2007 liic
532 1948 589 2007 erit
603 1948 682 2006 uitae
696 1953 773 2007 tuae.

146 2032 220 2113 quid
237 2033 314 2093 hoc?
337 2032 450 2093 recedit
464 2033 579 2092 animus
595 2038 623 2092 et
638 2032 722 2109 pouit
737 2031 846 2100 minas,

148 2119 209 2178 iarn
225 2125 324 2178 cessat
338 2119 391 2177 ira
423 2115 492 2196 quid
510 2117 601 2176 miser
615 2114 739 2192 langues
754 2115 859 2176 doleri

149 2201 252 2281 perdis
267 2203 419 2270 furerem,
436 2201 569 2279 coniugis
584 2201 691 2261 tacitae
705 2200 794 2261 iidem

149 2287 221 2346 mihi
237 2286 338 2347 reddis
352 2287 472 2347 iterum.
503 2284 573 2364 quid
589 2293 673 2346 uetas
688 2284 821 2344 flammas
837 2283 893 2345 alit

146 2371 225 2451 quid
237 2371 348 2448 frangis
364 2371 464 2448 ignes?
488 2371 568 2430 huuc
582 2370 656 2429 mihi
670 2387 757 2430 serua
774 2370 926 2448 impetum.
948 2403 991 2414 -

148 2473 238 2534 pares
254 2472 385 2523 cramus,
402 2472 462 2515 nou
478 2462 541 2514 erat
557 2456 634 2514 uotis
649 2472 735 2533 opus.

148 2540 246 2600 aderit
260 2556 389 2600 nouerca
406 2557 482 2618 quae
497 2556 603 2599 manus
619 2546 737 2598 nostras
752 2546 838 2615 regat

150 2643 205 2684 uec
220 2625 366 2684 inuncata.

148 2723 253 2768 uruit.
408 2707 485 2786 quod
503 2724 589 2784 paras
605 2707 728 2768 demens
743 2704 856 2766 scelus?

150 2795 280 2870 perimes
295 2792 433 2852 maritum
449 2795 533 2853 cuius
549 2799 699 2853 extremus
715 2790 780 2850 dics

150 2880 324 2956 primusque
340 2875 441 2937 laudes
457 2878 540 2937 nouit
556 2884 584 2936 et
600 2875 681 2937 caelo
698 2883 784 2936 tenus

148 2971 247 3023 crecta
265 2969 360 3022 terras
376 2960 451 3022 fama
468 2959 760 3041 suppositas-habeti

216 3217 266 3266 293
285 3217 427 3348 protector
444 3173 471 3265 ω’
483 3215 556 3280 proh
573 3219 671 3265 rector
688 3215 802 3277 Lipsius.
827 3207 840 3277 ss
862 3211 912 3262 306
929 3211 966 3260 lit
984 3228 1005 3261 ω
1024 3212 1067 3261 Vt

147 3285 249 3347 scripsi.
279 3279 284 3347 Ι
320 3282 370 3333 308
392 3283 561 3348 perferetur
582 3282 632 3332 Bo.
662 3277 674 3348 ll
703 3283 753 3331 310
775 3277 880 3329 recedit
902 3295 924 3329 ω
953 3279 1067 3329 resedit

156 3350 366 3401 Wuestemannua
377 3346 389 3416 ll
401 3352 449 3401 311
463 3351 548 3404 cessit
560 3351 600 3400 εΑ
620 3348 740 3399 cecidit
755 3349 797 3397 uel
814 3349 918 3396 cesset
929 3347 1046 3397 lortinus
1058 3343 1067 3413 ll

150 3419 198 3466 312
216 3419 323 3468 tacitae
341 3417 367 3466 E
385 3422 502 3468 sanctae
521 3420 546 3468 A
568 3417 580 3484 ll
601 3419 652 3468 315
670 3421 763 3482 patres
781 3414 807 3463 E
829 3429 911 3478 pares
930 3416 955 3464 Α
978 3410 990 3481 ll
1015 3415 1069 3465 eri·

151 3499 208 3536 mus
225 3486 251 3534 E
262 3487 362 3538 R1011
381 3501 489 3537 eramus
508 3487 532 3535 A
545 3483 556 3553 ll
570 3488 623 3536 erit
641 3487 681 3536 εΑ
701 3487 761 3536 eret
779 3481 863 3533 RBo.
887 3479 898 3548 ll
