2550 3917
557 185 708 234 OEDIPVS

168 323 288 385 nullum
304 326 418 385 serenis
433 325 569 386 noctibus
584 323 785 397 sidus'mieat,

168 411 225 472 sed
242 411 342 488 grauis
357 417 386 470 et
400 417 464 472 ater
478 410 599 471 incubat
614 412 703 472 terris
719 429 822 488 uapor.

131 495 160 553 b'
217 494 336 557 Obtexit
353 490 438 555 arces
453 494 588 556 caelitum
605 514 639 556 ac
654 513 785 557 summas
801 495 904 556 domos

169 579 290 640 interna
305 581 405 640 iacies.
436 581 562 658 denegat
577 581 706 640 fructum
722 581 811 642 Ceres

169 663 272 726 adulta
288 671 317 724 et
331 663 397 724 altis
412 665 488 726 flaua
505 684 572 725 cum
588 666 678 743 spicis
694 673 816 735 tremat,

170 756 277 812 arente
293 749 390 810 culmo
405 749 513 811 sterilis
529 751 673 811 emoritur
688 766 782 826 seges.

133 829 159 892 ὅ
218 832 282 895 Nec
297 833 355 894 ulia
371 852 441 912 pars
454 837 587 895 inmunis
601 835 691 894 exitio
708 841 808 903 uacat,

170 920 225 980 sed
242 919 338 978 omnis
353 927 433 978 aetas
448 920 560 998 pariter
575 926 604 980 et
619 937 708 980 serus
723 920 782 979 ruit

169 1007 357 1082 iuuenesque
373 1003 493 1065 senibus
508 1005 602 1080 iungit
617 1011 646 1064 et
662 1007 758 1082 gnatis
774 1009 873 1081 patres

171 1090 289 1149 funesta
305 1089 405 1166 pestis.
435 1107 492 1149 una
508 1090 555 1149 sax
571 1089 716 1149 thalamos
732 1096 845 1149 cremat

169 1174 315 1252 luctuque
331 1172 439 1234 acerbo
455 1175 588 1235 iuuere
604 1182 633 1234 et
649 1180 753 1252 questu
769 1185 881 1234 carent.

134 1282 152 1316 c
216 1258 309 1329 Quin
325 1259 403 1336 ipsa
419 1261 491 1318 tanti
507 1260 649 1335 peruicax
665 1257 762 1318 clades
777 1258 846 1319 mali

171 1344 296 1403 siccauit
310 1341 429 1413 oculos,
446 1343 585 1422 quodque
602 1345 632 1402 in
650 1345 791 1404 extremis
806 1343 895 1413 sciet,

172 1429 292 1507 periere
307 1427 455 1488 lacrimae.
486 1436 586 1506 portat
601 1428 682 1488 hunc
698 1445 787 1506 aeger
803 1445 911 1506 parens

172 1530 347 1591 supremum
364 1512 399 1571 ad
414 1513 527 1588 ignem,
545 1521 640 1572 mater
655 1512 734 1573 hunc
750 1531 853 1574 amens
868 1513 944 1591 gerit
1072 1547 1075 1552 ·
1110 1523 1143 1573 60

172 1603 394 1678 properatque,
410 1604 443 1656 ut
457 1596 548 1657 alium
563 1604 682 1676 repetat
696 1599 727 1657 in
745 1598 871 1658 eundem
888 1613 1004 1675 rogum.

136 1683 159 1741 c'
219 1681 313 1752 Quin
328 1681 410 1742 luctu
426 1683 457 1740 in
472 1684 555 1760 ipsu
570 1680 668 1742 luctus
684 1683 817 1743 exoritur
832 1700 929 1743 nauus

172 1785 305 1845 suaeque
320 1770 398 1826 circa
414 1766 503 1827 sunus
519 1768 661 1842 exequiae
677 1767 795 1829 cadunt.

174 1860 237 1913 tum
253 1853 374 1929 propria
389 1850 515 1911 flammis
531 1869 658 1929 corpora
675 1849 777 1912 alicnis
793 1857 936 1912 cremant.

174 1938 312 2014 diripitur
327 1936 418 2014 ignis,
435 1935 535 1996 nuilus
550 1944 595 1995 est
609 1937 725 1997 miseris
740 1936 846 2013 pudor.
1110 1947 1143 1996 65

173 2039 235 2081 non
252 2039 317 2080 ossa
333 2019 438 2080 tumuli
454 2026 554 2081 sancta
571 2020 690 2080 discreti
706 2028 818 2098 tegunt.

139 2114 157 2162 b
219 2106 335 2167 Arsisse
350 2107 420 2164 satis
435 2113 488 2166 est.
521 2123 589 2182 pars
605 2113 694 2184 quota
710 2107 739 2164 in
756 2107 871 2166 cineres
887 2104 965 2165 abit?

176 2191 241 2251 dest
256 2199 335 2250 terra
354 2189 489 2260 tumulis,
506 2191 563 2249 iam
581 2207 669 2268 rogos
685 2189 776 2250 siluae
792 2198 911 2268 negant.

176 2293 236 2335 non
250 2281 319 2334 uota
336 2293 396 2334 non
412 2293 460 2335 ars
476 2274 534 2336 ulla
551 2284 711 2351 conreptos
726 2274 835 2337 leuant.

177 2361 285 2422 cadunt
300 2360 469 2429 medentes,
488 2358 609 2420 morbus
624 2359 766 2420 auxilium
782 2361 880 2421 trahit.
1110 2372 1142 2421 70

142 2449 169 2506 b'
221 2445 349 2506 ediusus
364 2446 423 2505 aris
438 2444 588 2523 supplices
603 2444 693 2505 tendo
709 2462 814 2505 manus

177 2539 290 2592 matura
307 2547 434 2608 poscens
448 2530 522 2596 fata,
538 2547 731 2608 praecurram
748 2537 781 2590 ut
796 2532 878 2608 prior

177 2617 302 2694 patriam
317 2621 454 2675 ruentem
469 2633 547 2675 neue
562 2621 629 2690 post
645 2616 740 2674 omnis
759 2614 861 2676 cadam

22 2692 23 2775 i
178 2702 305 2780 fiamque
320 2700 406 2775 regni
421 2698 510 2760 sunus
526 2705 692 2759 extremum
707 2701 776 2760 mei.
876 2741 879 2750 ·

147 2810 164 2844 a
222 2785 351 2845 Osaeua
366 2785 489 2844 nimium
508 2783 786 2853 numiua‚0iatum
803 2802 903 2862 graue.
1112 2795 1144 2844 75

180 2878 304 2948 negatur
319 2869 370 2929 uni
386 2885 493 2945 nempe
509 2870 537 2927 in
555 2868 612 2928 huc
627 2867 737 2947 populu
754 2869 825 2928 mihi

179 3022 380 3032 -η--ρ

243 3109 277 3158 49
294 3108 408 3156 fluctum
420 3103 455 3153 E¹
474 3121 543 3157 corr.
557 3102 592 3153 Ε1
605 3101 617 3169 Η
633 3104 666 3155 60
686 3109 790 3155 cremat
803 3106 845 3156 Ae
863 3107 969 3155 tremat
989 3104 1066 3154 tiron.
1086 3103 1095 3170 ΙΙ

178 3178 209 3228 52
226 3190 279 3225 nec
297 3173 355 3224 ulla
373 3189 438 3238 pars
456 3173 475 3224 i.
493 3173 589 3222 Euro
601 3188 648 3236 rap.
672 3171 750 3220 nuile
767 3189 832 3237 pars
851 3173 867 3222 i.
887 3181 909 3237 ψ
934 3187 998 3237 pars
1016 3172 1094 3221 nulla

177 3244 255 3308 regni
268 3245 285 3293 i.
300 3259 319 3292 α
330 3238 343 3308 ss
354 3244 387 3292 53
401 3240 449 3290 sed
462 3249 499 3305 εψ
519 3245 547 3290 et
559 3241 583 3289 A
597 3237 609 3306 {l
621 3242 655 3291 56
667 3240 786 3304 fletuque
800 3258 821 3291 ω
834 3241 1028 3306 planctuque
1042 3237 1092 3290 Bo.
1170 3245 1177 3251 “

176 3311 323 3376 luctuque
345 3309 442 3373 scripsi
463 3305 474 3375 ΙΙ
497 3311 529 3358 57
552 3311 614 3373 ipsa
633 3308 658 3357 Ε
681 3309 737 3357 ista
756 3309 780 3357 A
804 3305 816 3374 [l
839 3311 871 3358 61
894 3313 1005 3372 repetat
1029 3305 1094 3357 EMi

177 3381 286 3444 regerat
305 3379 329 3428 A
342 3373 356 3444 ll
371 3392 465 3441 rogum
484 3377 533 3440 Εψ
551 3378 642 3427 locum
661 3377 685 3425 A
697 3371 714 3473 ΙΙΓ
726 3377 759 3424 66
777 3377 900 3430 discreta¹
915 3385 938 3441 ψ
955 3372 966 3443 Η
983 3377 1015 3426 69
1035 3391 1094 3426 cor-

177 3486 270 3548 reptos
289 3480 315 3531 Ε
333 3483 475 3543 corruptos
493 3480 517 3528 A
530 3475 586 3544 1172
604 3493 751 3543 procurem
768 3477 793 3526 E
810 3494 987 3544 praecurram
1006 3480 1030 3529 A
1054 3474 1066 3543 ii
