2550 3917
449 140 453 154 ’
557 157 719 227 croscus
1034 168 1097 231 243

184 319 325 400 [Thetide
340 336 477 395 aequora
492 321 613 379 umhrm
629 322 729 379 Aeaco
744 322 862 379 caelum
878 318 979 399 Ioue]
1115 332 1165 381 355
1205 329 1211 335 “

125 404 165 463 b'‘
225 418 332 464 nunu.
356 403 425 463 lllo
446 422 487 463 ex
509 402 655 463 Achille
676 405 727 482 qui
743 421 831 463 manu
848 404 961 463 Paridis
976 406 1095 466 iacet...

182 502 306 549 PYRRH.
330 506 417 568 quem
435 506 489 547 nec
505 487 627 548 deorum
644 490 809 547 comminus
825 490 979 566 quisquam
996 492 1077 565 petit.

145 684 163 718 e
223 671 332 717 nunu.
356 656 541 734 Conpescere
559 656 693 734 equidem
713 656 804 717 uerba
821 666 850 717 et
867 658 1009 718 audacem
1022 657 1098 718 male

179 750 314 819 poteram
331 742 467 809 domare,
485 741 536 801 sed
553 759 636 801 meus
653 743 746 819 captis
762 760 880 819 quoque

179 828 235 885 scit
251 844 373 903 parcere
390 826 477 887 ensis.
509 826 606 903 potius
622 828 769 902 interpres
785 826 873 886 deum

180 910 303 972 Calchas
319 917 453 970 uocetur.
483 910 497 968 1
502 916 560 969 ata
578 912 602 970 si
618 919 755 987 poscent,
771 910 859 970 daho.

143 1006 162 1055 d
225 996 270 1055 Tu
286 997 335 1071 qui
352 994 488 1073 pelasgae
504 993 600 1053 uincla
616 993 728 1053 soluisti
745 997 816 1054 ratis

178 1098 336 1157 morasque
352 1078 437 1145 belli,
454 1082 528 1139 rite
543 1080 592 1156 qui
608 1096 725 1139 reseras
739 1079 857 1157 polum,

178 1166 226 1224 cui
241 1165 391 1225 uiscerum
408 1171 536 1229 secreta,
554 1164 601 1222 cui
618 1164 719 1223 mundi
737 1166 836 1240 hagor

91 1242 102 1259 ⁸
178 1256 207 1309 et
223 1247 306 1308 stella
322 1248 409 1326 longa
426 1248 559 1308 semitam
575 1246 691 1307 flamma
709 1248 829 1307 trahens

177 1334 228 1394 dat
243 1335 326 1411 signa
342 1334 356 1393 1
360 1352 374 1392 a
385 1335 425 1400 ti,
444 1334 527 1391 cuius
543 1332 654 1409 ingemi
672 1332 741 1390 mihi

176 1417 317 1477 mercede
334 1423 468 1477 constant
484 1434 551 1483 ora,
569 1415 640 1492 quid
655 1416 756 1475 iubeat
770 1416 844 1498 deus

176 1502 269 1562 effare
284 1500 407 1561 Calchas
423 1518 534 1577 nosque
551 1499 673 1559 consilio
688 1517 768 1576 rege.

140 1591 165 1648 α’
221 1599 298 1646 cuc.
323 1584 400 1645 Dant
415 1585 428 1643 1
432 1592 487 1643 ata
505 1584 610 1644 Danais
627 1603 684 1662 quo
700 1583 795 1644 solent
811 1588 907 1663 pretio
924 1587 1010 1645 uiam.
1092 1581 1096 1587 '

176 1670 334 1730 mactanda
351 1672 436 1745 uirgo
453 1676 497 1729 est
513 1667 631 1729 thessali
648 1668 734 1728 busto
750 1669 847 1735 ducis,

176 1754 229 1815 sed
246 1773 305 1833 quo
321 1755 415 1832 iugari
430 1751 574 1813 thessalae
591 1752 672 1813 cultu
687 1752 783 1814 solent

176 1839 331 1900 incidesue
348 1838 396 1899 uel
412 1855 587 1916 mycenaeae
604 1856 711 1906 nurus,

138 1930 167 1986 d'
223 1924 354 2002 Pyrrhus
370 1924 486 1999 parenti
502 1924 658 1997 coniugem
674 1922 770 1982 tradat
784 1940 849 1984 sno.

174 2010 219 2067 sic
235 2010 308 2067 rite
327 2008 455 2067 dabitur.
486 2015 661 2067 nontamen
679 2016 792 2066 nostras
808 2015 889 2067 tenet

174 2093 250 2153 haec
268 2110 324 2151 una
341 2108 456 2171 puppes
472 2108 574 2159 cansa,
592 2090 720 2151 nobilior
735 2100 786 2151 tuo

174 2177 325 2255 Polyxene
341 2194 448 2237 cruore
464 2175 588 2235 debetur
604 2194 693 2235 cruor

175 2280 266 2339 quem
282 2262 358 2321 lata
375 2268 534 2337 quaerunt:
559 2268 641 2320 turre
657 2260 693 2321 de
708 2278 823 2319 summa
840 2260 923 2321 cadat

173 2346 287 2405 Priami
302 2364 394 2424 nepos
410 2344 569 2405 hectoreus
584 2354 613 2405 et
629 2344 719 2405 letum
736 2353 864 2423 oppetat.

173 2437 238 2489 tum
258 2429 337 2490 mille
352 2428 427 2490 nelis
442 2428 553 2505 inpleat
568 2428 669 2489 classis
685 2429 768 2489 freta.

563 2643 708 2690 CHORVS.

138 2795 155 2827 a
261 2768 370 2829 Verum
388 2774 498 2836 est,an
516 2766 633 2825 timidos
650 2766 746 2825 labula
764 2766 888 2842 decipit,
993 2753 1054 2810 ‘-

218 2852 340 2913 umbras
357 2851 534 2929 corporibus
551 2853 653 2910 uiuere
669 2851 810 2910 conditis:

173 2990 247 2997 *-
260 2990 294 2995 ..-
307 2990 379 2994 ...-

243 3072 267 3103 o,
282 3050 454 3119 355sustuh'll
468 3068 590 3121 aequora
603 3054 627 3100 E
647 3068 751 3117 aequor
764 3055 787 3101 A
801 3049 812 3117 ll
825 3054 874 3102 368
892 3054 999 3119 malou>
1017 3055 1093 3103 male
1118 3067 1121 3071 ·

172 3125 268 3185 scripsi
280 3139 332 3171 cum
346 3123 409 3171 1114
420 3118 432 3187 [Ι
444 3123 491 3171 361
505 3126 622 3185 poscent
634 3121 660 3170 Ε
672 3125 789 3184 poscunt
799 3121 825 3168 A
837 3116 910 3183 11362
924 3121 978 3169 rati
990 3138 1011 3170 ω
1025 3122 1094 3169 ratis

173 3188 224 3243 Bo.
245 3192 381 3256 ‘precedam
393 3190 513 3239 schedue'
533 3190 606 3238 Deir.
624 3185 635 3254 ll
653 3190 702 3238 363
721 3187 787 3235 belli
800 3187 825 3234 E
845 3188 924 3236 hellis
938 3189 962 3236 A
975 3184 986 3253 ΙΙ
999 3193 1059 3240 arte
1072 3205 1095 3237 ω

173 3258 238 3307 rite
251 3260 346 3321 scripsi
356 3254 367 3323 ll
380 3258 428 3307 366
439 3257 487 3305 dat
496 3256 545 3319 Erp
558 3256 625 3304 dant
635 3257 660 3305 A
671 3252 683 3321 ss
696 3256 745 3304 368
759 3253 879 3303 Calchas
891 3255 916 3303 E
929 3255 1022 3304 calces
1032 3256 1094 3304 1111

174 3324 281 3374 Calcha
294 3326 319 3373 A
332 3321 344 3389 ΙΙ
356 3327 405 3375 363
417 3329 500 3389 pacto
514 3325 536 3373 11
548 3320 620 3389 11373
633 3323 729 3386 Ionide
742 3337 790 3386 sne
803 3322 828 3369 E
840 3322 986 3371 Ionidesue
1002 3324 1024 3370 A
1039 3324 1093 3371 Ioi-

174 3393 259 3441 desua
275 3393 420 3455 Heusinper
431 3392 592 3442 Inoidesne
604 3392 700 3455 scripsi
711 3387 722 3453 Η
735 3392 784 3439 376
796 3389 936 3452 Polyxene
949 3391 998 3454 Εψ
1012 3391 1092 3453 Poly-

173 3476 245 3510 xena
256 3457 351 3523 Alteri
365 3460 432 3509 dura
442 3459 576 3509 reclusum
587 3458 670 3507 cadas
679 3457 771 3525 pllh'lss
781 3457 892 3507 Priamo
903 3458 926 3506 E
938 3460 1043 3509 Priami
1054 3457 1093 3523 All

827 3540 888 3610 16*
