2550 3917
196 129 262 177 VIII
571 125 771 174 PRAEFATIO
812 126 819 143 '

199 305 230 345 ac
252 288 311 343 sine
333 284 425 342 labore
446 286 593 359 conposuit
613 301 664 340 nec
686 292 718 339 ut
738 285 848 358 quidam
868 293 968 360 putent
988 284 1073 341 aliena
1094 306 1148 361 pro

198 375 255 428 suis
276 370 368 426 edidit.
404 370 508 425 Venere
530 370 557 424 in
578 385 673 425 manus
694 385 768 426 meas
789 370 987 444 pugillares
1005 370 1147 428 libelli·
1242 389 1245 399 ·

198 472 264 530 que
290 472 361 512 cum
387 454 591 528 quibusdam
617 454 815 511 notissimis
839 456 1002 512 uersibus
1031 456 1147 529 ipsius
1244 503 1245 518 .

199 540 443 614 chirographo
465 540 630 613 scriptis,
653 546 683 595 ut
699 538 778 596 lacile
800 549 944 615 appareret
959 557 1014 595 non
1031 541 1147 601 tralatos
1244 545 1245 550 ’

199 635 246 683 aut
267 626 385 681 dictante
414 624 505 697 aliquo
528 631 671 697 exceptos,
702 624 748 679 sed
769 625 849 698 plane
871 628 983 698 quasia
1005 630 1147 699 cogitante
1244 637 1245 688 l

197 719 278 785 atque
301 717 448 782 generante
470 717 608 772 enaret0s;
639 711 675 764 ita
701 708 809 766 multa
835 718 869 765 et
891 706 1006 765 deleta
1033 720 1067 767 et
1092 714 1143 768 in·
1244 703 1245 788 J

199 795 302 851 ducta
324 802 356 850 et
380 793 625 867 superscripta
647 795 824 850 inerant“.
854 793 949 868 Neque
969 794 1017 851 ebs
1036 813 1068 851 re
1090 799 1146 853 erit
1244 807 1245 836 t

197 879 322 936 attulisse
338 878 505 952 quae.Leoni
522 895 573 934 suo
589 878 717 935 Sidonius
732 878 828 935 scribit
843 896 905 953 epp.
922 879 1011 937 Vll13
1027 880 1064 955 (p.
1080 880 1145 938 462

198 962 313 1036 Seuero)
329 963 492 1039 „Apollonii
508 963 682 1037 Pythagorici
698 965 783 1020 uitam
799 982 854 1021 non
870 973 901 1021 ut
915 964 1146 1022 Nicomachus

198 1051 290 1106 senior
311 1047 573 1110 cPhilostrati,
597 1049 645 1104 sed
665 1056 696 1104 nt
711 1050 854 1106 Tascius
869 1048 902 1121 (l)
918 1048 1146 1107 Victorianus

198 1133 425 1192 eNicomechi
445 1132 588 1190 schedio
611 1134 817 1207 exscripsit,
840 1136 902 1207 quia
917 1125 1050 1197 iusseras,
1066 1137 1144 1191 misi:

196 1235 277 1291 qnam
298 1218 362 1273 dum
385 1234 482 1291 parere
502 1217 603 1274 festino
626 1217 766 1280 celeriter,
798 1220 878 1275 eiecit
905 1215 1143 1293 (emendicent)

195 1304 224 1359 in
255 1301 464 1358 tumultuarium
493 1302 631 1376 exemplar
658 1302 765 1358 tnrhido
796 1310 824 1359 et
849 1320 980 1377 praeceps
1009 1311 1037 1359 et
1063 1306 1143 1378 opica

195 1376 338 1445 translatio
348 1394 363 1415 “
385 1387 431 1459 (cl.
448 1386 477 1443 0.
493 1387 570 1443 Jahn.
587 1388 645 1443 Ber.
661 1387 709 1442 der
725 1386 817 1444 Sichs.
833 1388 893 1444 Ges.
915 1390 940 1445 d.
958 1389 1040 1445 Wiss.
1059 1388 1140 1446 1851
1244 1377 1246 1388 ”

197 1490 224 1545 r·
242 1470 302 1529 335
320 1470 391 1546 sen)
416 1470 435 1542 l·
528 1518 531 1521 -

261 1556 354 1631 Neque
370 1573 437 1624 uere
453 1554 569 1612 schedae
591 1576 605 1613 a
621 1556 650 1611 L.
667 1559 697 1612 A.
714 1556 816 1615 Seneeo
831 1559 950 1632 scriptae
971 1557 1038 1615 alias
1053 1561 1143 1615 conti·

194 1640 295 1697 nebant
316 1640 421 1697 fabulas
447 1640 502 1695 nisi
521 1642 629 1714 priores
650 1650 722 1697 octo.
766 1642 832 1697 Nam
860 1658 930 1714 quae
952 1642 979 1697 in
1000 1643 1143 1700 codicibus

195 1733 327 1783 secuntur
347 1727 553 1797 Agamemno
581 1734 609 1781 et
630 1725 801 1781 Hercules
827 1726 919 1783 elter
944 1744 989 1783 eas
1015 1744 1141 1801 nequer
1244 1743 1246 1746 ·

193 1809 358 1884 philosopho
379 1812 440 1883 ipso
462 1825 551 1883 neque
573 1810 606 1867 eh
635 1808 741 1883 aequali
762 1812 878 1884 quodem
899 1814 1057 1885 conpositas
1080 1828 1143 1868 esse

195 1895 355 1951 certissimis
371 1890 540 1968 argumentis
551 1903 645 1968 potest
660 1893 810 1968 euineiu).
836 1895 908 1964 Quos
925 1897 971 1969 qui
987 1913 1140 1970 conposue-

194 1987 260 2035 runt
280 1996 336 2036 non
363 1980 451 2035 solnm
472 1996 561 2052 neque
588 1982 615 2035 in
640 1982 748 2042 metris,
779 1980 930 2055 anapaestis
957 1982 1141 2054 potissimum,

194 2064 344 2121 condendis¹
365 2072 392 2119 et
413 2066 441 2119 in
457 2064 587 2121 diuerhiis
610 2066 758 2122 secundnm
780 2066 867 2138 legem
888 2065 1054 2138 strophicam
1075 2083 1143 2123 con·

195 2148 341 2205 stituendis
367 2148 399 2205 ad
421 2157 592 2207 constantem
614 2150 733 2207 Senecae
754 2166 877 2206 normam
904 2166 934 2204 se
955 2151 1139 2214 accinxerunt,
1244 2151 1245 2204 i

194 2248 290 2289 uerum
307 2235 388 2289 etiam
404 2235 430 2289 in
447 2236 521 2291 iusto
537 2252 715 2309 personarum
731 2250 845 2290 numero
861 2234 1001 2289 seruando⁴
1012 2233 1039 2290 in
1052 2235 1140 2306 choro

195 2317 347 2373 adhibendo
370 2319 452 2392 inque
474 2319 533 2375 eliis
549 2320 644 2376 multis
660 2319 792 2375 rebusad
813 2312 987 2389 οἰκονομίαν
1000 2320 1143 2390 pertinen·
1244 2371 1245 2394 1

196 2401 269 2458 tibus
291 2419 305 2458 a
328 2404 513 2461 seueriorihus
537 2406 604 2461 artis
626 2404 781 2479 praeceptis
806 2410 981 2457 recesserunt
1003 2410 1031 2457 et
1052 2405 1140 2457 mani·
1242 2405 1246 2474 ζ

195 2486 263 2543 leste
281 2495 343 2544 octo
360 2489 482 2562 priorum
500 2490 703 2563 tragoediarum
718 2486 870 2546 imitatione
885 2501 938 2540 non
951 2486 1042 2542 minus
1057 2480 1149 2558 quam'
1244 2487 1245 2554 l

193 2588 247 2644 quo
269 2572 311 2627 usi
333 2581 398 2628 sunt
413 2575 519 2631 dicendi
536 2590 636 2645 genere
659 2574 691 2627 ab
713 2586 850 2626 ennaeauo
871 2567 926 2625 non
942 2570 1048 2627 modice
1063 2570 1142 2627 dille·

192 2663 271 2711 rente
294 2658 444 2714 imitatores
467 2674 527 2714 sese
547 2655 677 2729 produnt.
713 2655 768 2710 Hae
784 2654 869 2726 igitur
884 2654 1005 2717 fabulae,
1027 2672 1089 2712 cum
1110 2658 1139 2711 in

193 2747 337 2814 utramque
358 2744 546 2799 recensionem
569 2756 613 2795 eas
637 2739 778 2795 transiisse
799 2747 920 2801 constet.
943 2747 1007 2813 post
1021 2739 1140 2797 Senecae

192 2835 308 2881 mortem
330 2827 363 2882 ah
379 2828 419 2882 eis
435 2829 480 2899 qui
497 2824 606 2881 libellos
623 2824 822 2898 tragoediarum
845 2824 878 2880 ah
899 2840 931 2879 eo
946 2824 1057 2881 relictos
1072 2842 1139 2898 pos·
1244 2847 1245 2852 ¹

260 3022 286 3088 ²⁸)
307 3024 350 3073 De
364 3022 553 3073 Gracchorum
567 3021 708 3073 Ciceronis
721 3021 842 3087 Vergilii
859 3022 1029 3088 idiographis
1041 3038 1068 3071 n.
1081 3022 1140 3071 Pli-

191 3092 254 3141 nins
266 3106 292 3140 n.
305 3091 332 3141 h.
349 3107 405 3140 xirr
419 3091 451 3141 83
473 3091 499 3139 J.
514 3089 622 3141 Gellius
635 3107 692 3140 x111
705 3092 736 3140 hl
750 3092 767 3139 t
788 3093 869 3141 1135
889 3106 958 3142 v1111
973 3093 1032 3141 147
1054 3091 1109 3139 121
1123 3092 1140 3140 2

193 3158 382 3222 Quintilianus
395 3174 406 3207 1
420 3160 435 3207 ‘l
447 3159 488 3209 20.

259 3226 303 3288 **)
325 3226 385 3277 Hes
403 3226 471 3276 duas
490 3226 600 3277 fabulas
614 3242 631 3276 a
644 3226 751 3277 Seneca
763 3227 882 3291 scriptos
899 3242 960 3276 esse
973 3226 1089 3290 negauit
1105 3225 1138 3275 R.

190 3294 336 3346 Bentleine
349 3310 442 3358 opusc.
458 3294 500 3345 ed.
514 3296 590 3359 Lips.
603 3311 628 3359 p.
644 3297 702 3346 232.
731 3294 810 3345 Alter
825 3298 947 3343 nostrum
961 3294 1007 3359 qui
1023 3294 1051 3342 in
1065 3308 1141 3343 com·

190 3366 275 3415 ment.
299 3362 333 3421 de
351 3362 414 3413 Seu.
433 3367 504 3429 trag.
524 3367 597 3413 auct.
617 3362 754 3428 Oedipum
775 3377 884 3426 quoque
907 3364 936 3411 in
956 3361 1140 3425 suspitionem

191 3430 316 3494 uocauit,
336 3430 369 3480 de
383 3429 435 3482 laec
447 3432 577 3497 opinione
590 3430 696 3497 pridem
709 3430 835 3482 recessit.
