2550 3917
436 220 617 269 nuncupas
641 208 811 291 [suanus]

164 364 215 423 sed
231 362 313 422 clara
330 362 433 421 uirtus.
463 362 513 439 qui
529 379 624 439 genus
640 362 729 422 iactat
744 381 840 432 suum,

164 445 410 508 alienalaudat.
544 517 546 523 ‚

129 529 146 586 i'
412 530 506 609 Rapta
522 530 574 591 sed
589 531 705 607 trepida
720 549 809 592 manu

163 624 281 695 sceptra
298 616 481 692 optinentur.
514 617 612 675 omnis
627 616 658 674 in
673 616 754 675 ierro
770 626 815 678 est
830 617 917 679 salus.

163 702 243 780 quod
260 700 374 761 ciuibus
389 707 492 761 tenere
507 706 536 760 te
551 700 651 759 inuitis
668 702 752 770 scias,

162 787 283 847 strictus
299 792 399 845 tuetur
415 784 504 844 ensis.
533 782 660 844 alieno
675 786 704 843 in
721 784 786 845 loco

163 871 235 931 haut
250 868 357 929 stabile
373 886 499 947 regnum
516 876 569 929 est.

127 977 147 1025 k
607 953 670 1013 Vna
684 954 737 1014 sed
751 963 867 1015 nostras
882 964 978 1034 potest

161 1038 289 1101 lundare
306 1039 387 1098 uires
403 1038 502 1098 iuncta
517 1036 610 1115 regali
626 1039 690 1098 iace
1100 1060 1149 1109 350

162 1124 360 1202 thalamisque
374 1124 494 1201 Megara
509 1123 598 1184 ducet
613 1130 643 1183 et
659 1140 769 1200 genere
783 1123 897 1185 incluto

162 1212 281 1271 nouitas
297 1206 428 1268 colorem
444 1215 555 1267 nostra.
586 1225 646 1267 uon
662 1208 799 1285 equidem
815 1226 886 1270 reor

162 1295 228 1355 lore
244 1300 278 1353 ut
299 1300 449 1352 recuset
469 1310 504 1353 ae
519 1308 602 1352 meos
617 1299 740 1371 spernat
755 1301 845 1355 toros.

121 1380 149 1430 k'
206 1376 292 1448 Quod
308 1377 333 1436 si
347 1376 491 1456 inpotenti
506 1378 643 1454 pertinax
658 1378 756 1436 animo
771 1377 924 1448 abnuet,

163 1471 220 1524 stat
235 1462 354 1542 penitus
370 1479 486 1521 omnem
503 1460 608 1522 tollere
624 1461 794 1522 herculeam
811 1463 940 1523 domum.
1100 1482 1150 1531 355

162 1547 274 1609 inuidia
291 1546 399 1606 iactum
416 1564 451 1605 ac
466 1563 565 1606 sermo
581 1544 734 1624 popularis
749 1548 875 1621 premet.

162 1650 213 1693 ars
228 1631 324 1709 prima
339 1632 425 1707 regni
443 1637 487 1690 est
501 1649 590 1708 posse
607 1652 622 1690 s
639 1631 780 1690 inuidiam
796 1633 865 1708 pati.

163 1724 345 1794 temptemus
360 1716 459 1791 igitur.
490 1716 552 1774 lors
568 1715 650 1776 dedit
665 1714 752 1776 nohis
767 1715 876 1779 locum.

124 1806 151 1863 h'
209 1802 343 1876 Namque
358 1800 423 1877 ipsa
439 1801 515 1859 tristi
531 1802 622 1860 uestis
638 1799 762 1860 obtentu
778 1808 866 1879 caput

162 1884 260 1947 uelata
275 1887 357 1944 iuxta
372 1884 523 1961 praesides
539 1883 635 1944 adstat
651 1884 732 1953 deos,

161 1969 307 2061 laterique
323 1967 463 2029 adhaeret
477 1986 570 2028 uerus
583 1968 705 2029 Alcidae
720 1976 811 2030 sator.

136 2189 147 2235 a
208 2184 291 2231 MEG.
322 2169 466 2240 Quidnam
482 2172 537 2230 iste
553 2173 647 2229 nostri
662 2172 779 2249 generis
796 2173 915 2232 exitium
932 2191 966 2233 ac
981 2172 1046 2235 lues

163 2258 236 2318 noui
251 2256 354 2334 parat?
376 2255 445 2335 quid
462 2254 601 2332 temptat?

162 2354 242 2401 LYC.
619 2338 644 2399 Ο
660 2339 773 2400 clarum
789 2341 910 2401 trahens

163 2445 179 2486 a
195 2428 288 2503 stirpe
305 2441 413 2484 nomen
429 2424 526 2500 regia,
544 2422 639 2484 facilis
655 2443 718 2484 mea

163 2527 326 2590 parumper
342 2525 412 2569 aure
428 2508 521 2568 uerba
537 2510 660 2585 patienti
677 2510 789 2587 excipe.

129 2608 151 2659 1⁰
208 2595 239 2656 Si
255 2603 376 2654 aeterna
391 2611 509 2671 semper
526 2592 608 2652 odia
624 2593 764 2654 mortales
779 2605 885 2670 gerant

244 2832 294 2881 345
317 2828 412 2895 reptes
427 2828 475 2878 sed
498 2829 524 2876 E
546 2823 558 2893 Η
585 2830 635 2878 346
658 2830 768 2893 optineo
792 2846 828 2879 ex
843 2832 971 2894 optinent
985 2831 1080 2892 factuam

167 2901 192 2947 V
219 2895 231 2962 ΙΙ
265 2900 314 2948 347
341 2904 436 2946 tenere
460 2900 488 2945 te
516 2896 564 2945 VA
601 2902 758 2960 teneturap
792 2903 837 2945 tur
858 2898 957 2963 syllaba
978 2900 1004 2947 in
1026 2915 1079 2948 rus.

162 2965 201 3015 E*
227 2962 240 3030 ΙΙ
268 2967 317 3015 349
346 2968 394 3014 aut
414 2962 449 3013 E¹
486 2960 498 3029 ΙΙ
532 2962 581 3013 351
606 2978 659 3026 que
678 2964 750 3013 obest
768 2964 826 3014 EV
854 2960 868 3031 Η
900 2964 939 3016 th.
959 2966 1080 3016 thebana

163 3032 303 3081 ducet-V
338 3028 350 3097 ss
390 3031 472 3081 ducet
499 3036 527 3081 et
550 3047 576 3096 g.
600 3030 689 3081 EVP
723 3032 806 3083 ducet
830 3048 894 3097 og.
919 3034 943 3082 A
981 3030 994 3099 11
1031 3038 1080 3085 355

162 3100 227 3150 Stat
254 3099 353 3149 tollere
379 3098 487 3163 penitus
514 3114 621 3149 omnem
652 3100 707 3149 VP
723 3102 830 3149 Vrotisl.
871 3101 934 3149 Stat
961 3106 980 3153 t.
1005 3116 1029 3150 o.
1054 3119 1079 3166 p.

162 3168 203 3218 εΑ
235 3166 297 3217 Stat
314 3184 340 3230 p.
359 3182 385 3218 o.
406 3166 506 3217 tollere
529 3169 624 3232 scripsi
652 3165 664 3231 Η
693 3169 743 3218 366
765 3168 869 3217 factum
888 3167 947 3233 E¹rp
976 3168 1081 3218 fastum

162 3236 212 3299 φΑ
236 3230 249 3301 ΙΙ
272 3238 322 3286 357
341 3248 420 3299 posse
433 3239 461 3283 te
474 3234 529 3284 inu.
543 3236 567 3284 Α
590 3240 618 3284 te
635 3235 708 3285 adest
725 3236 751 3283 E
760 3237 807 3298 Vua
825 3252 852 3301 p.
866 3236 901 3284 ad
911 3234 1043 3285 inuidiam
1057 3246 1079 3298 ψ

163 3309 197 3352 et
219 3302 265 3351 uel
289 3305 322 3352 in
341 3304 395 3351 inu.
417 3302 469 3351 Gli.
495 3303 559 3364 fort.
589 3302 713 3367 pondus
736 3304 858 3353 inuidiae
882 3305 950 3367 pati.
984 3301 997 3368 ΙΙ
1030 3308 1079 3355 358

162 3385 224 3420 sors
253 3372 344 3420 VR12
367 3386 398 3421 m.
416 3384 467 3419 sec.
496 3366 507 3435 ΙΙ
535 3370 626 3420 locum
645 3370 724 3420 nobis
741 3370 777 3419 El
811 3368 823 3436 ΙΙ
858 3374 908 3422 359
926 3372 1040 3422 obtectu
1057 3372 1083 3420 V

162 3438 308 3491 IIPall.A
332 3438 446 3487 obtentu
464 3437 563 3499 Eunu
592 3434 604 3502 [Ι
632 3440 682 3489 360
700 3455 746 3488 om.
766 3437 800 3487 ΕΙ
820 3440 908 3503 lamp.
927 3438 963 3486 Εἓ
991 3436 1003 3502 ΙΙ
1031 3439 1080 3488 366

161 3490 371 3569 geraniEl'dE
393 3506 516 3569 agantA
540 3502 551 3571 ll

216 3620 339 3657 spurcae
360 3620 441 3657 raso.
855 3586 895 3646 2⁸
