2550 3917
188 222 252 287 252
470 238 501 282 u.
518 234 651 282 suusne
668 234 823 281 snuuosn
861 232 865 240 ·

156 376 181 434 d‘
235 390 289 436 vt.
314 375 406 437 Stulta
423 384 468 435 est
483 375 555 435 fides
571 373 669 433 celare
685 374 763 452 quod
779 374 888 450 prodas
902 375 1011 434 statim.

190 476 296 521 ANDR.
321 461 451 520 animosa
469 458 566 519 ntrllos
582 467 676 518 mater
692 458 817 518 admittit
832 465 937 519 metus.

190 559 246 605 vu.
271 546 320 604 hic
335 546 399 621 ipse
416 562 475 621 quo
491 560 571 604 nunc
587 551 745 603 contumax
761 553 875 619 perstas
889 561 973 603 amor

191 628 347 690 consulere
363 630 465 707 paruis
479 627 581 687 liberis
597 627 712 686 Danaos
727 635 838 687 mouet.

190 721 258 792 post
273 731 353 772 arma
370 722 429 772 tam
444 711 602 788 longinqua
620 720 687 789 post
702 728 795 770 annos
810 711 912 771 decem

190 800 288 858 miuus
303 799 438 857 timerem
454 814 528 874 quos
544 796 613 855 lacit
628 794 750 855 Calchas
766 804 875 862 metus,

190 883 214 941 si
230 882 302 941 mihi
319 882 467 941 timerem:
484 879 560 940 bella
575 878 754 939 Telemacho
769 897 865 957 paras.

158 967 192 1027 e''
236 979 342 1026 suun.
366 965 459 1026 lnuita
476 963 573 1024 Vlixes
587 963 726 1039 gaudium
743 964 850 1023 Danais
864 962 956 1023 dabo:

192 1050 320 1110 dandum
337 1058 390 1109 est.
421 1049 514 1109 latere
530 1066 605 1126 quos
621 1050 733 1125 premis
746 1047 844 1107 luctus
859 1047 953 1107 dolor.

192 1134 318 1212 gaudete
332 1134 452 1194 Atridae
467 1140 558 1211 tuque
572 1132 711 1199 laetifica,
729 1140 761 1192 ut
775 1130 867 1201 soles,

190 1220 271 1279 reler
287 1217 432 1295 Pelasgis:
450 1217 586 1277 Hectoris
602 1216 702 1293 proies
717 1216 788 1275 obit.

191 1317 246 1363 vu.
271 1310 300 1363 et
316 1320 381 1361 esse
397 1320 503 1362 uerum
519 1301 576 1360 hoc
592 1319 648 1378 qua
664 1300 774 1377 probas
789 1300 897 1360 Danais
912 1300 987 1360 lide?

157 1396 170 1445 f
234 1400 340 1446 suun.
364 1386 405 1445 lta
422 1386 500 1462 quod
518 1386 624 1445 minari
639 1387 799 1444 maximum
816 1385 911 1444 uictor
926 1394 1023 1461 potest

192 1473 343 1547 contingat
359 1476 388 1530 et
403 1489 450 1530 me
467 1469 523 1529 lata
540 1477 656 1529 maturo
672 1472 751 1528 exitu

192 1554 327 1633 facilique
343 1553 460 1615 soluant
475 1572 509 1613 ac
524 1571 590 1613 meo
607 1553 735 1613 condant
749 1552 812 1611 solo

192 1649 222 1700 et
237 1641 329 1716 patria
346 1637 431 1698 tellus
447 1638 604 1697 Hectorem
621 1636 729 1697 leuiter
745 1646 875 1715 premat,

158 1726 178 1784 f'
235 1725 270 1781 Vt
284 1723 351 1783 luce
367 1724 472 1781 caruit.
505 1724 584 1782 inter
599 1723 745 1782 extinctos
759 1724 837 1782 iacet

192 1809 336 1886 datusque
351 1806 465 1867 tumulo
482 1805 581 1867 debita
597 1807 739 1865 exanimis
755 1805 827 1866 tulit.

192 1906 248 1951 vu.
273 1891 388 1967 expleta
405 1893 461 1951 lata
479 1893 571 1969 stirpe
588 1889 702 1950 sublata
718 1890 855 1950 Hectoris

192 1976 375 2055 solidamque
392 1993 494 2053 pacem
510 1973 604 2034 laetus
619 1975 656 2034 ad
673 1975 788 2035 Danaos
804 1975 896 2033 leram
911 2009 954 2020 —

157 2072 174 2120 d
235 2059 310 2130 Ouid
327 2060 388 2138 agis
404 2058 526 2119 Vlixei
551 2058 700 2119 Danaidae
715 2060 839 2119 credent
854 2058 924 2118 ubit

193 2152 222 2206 tn
239 2146 307 2204 eui?
330 2145 456 2222 parenti.
487 2144 570 2219 lingit
585 2161 622 2202 an
638 2145 793 2220 quisquam
809 2143 866 2202 hoo
882 2160 990 2220 parens

193 2248 248 2289 neo
264 2228 479 2287 abominandae
495 2229 597 2287 mortis
613 2229 777 2305 auspicium
794 2228 900 2305 pauetl

192 2314 321 2391 auspicia
338 2319 473 2371 metuunt
489 2312 538 2388 qni
554 2311 627 2371 nihil
644 2313 738 2373 maius
757 2314 869 2372 timent.

191 2397 279 2458 iidem
295 2395 433 2472 adligauit
448 2397 638 2456 iureiurando
654 2414 746 2456 suam.

191 2483 217 2540 si
232 2482 357 2559 peierat,
374 2481 478 2540 timere
493 2480 562 2558 quid
579 2482 699 2556 grauius
715 2481 831 2557 potest?

158 2567 183 2625 d'
236 2565 320 2625 Nunc
336 2565 446 2625 adunca
463 2576 544 2625 astus
559 2566 656 2625 anime
673 2583 751 2624 nunc
767 2565 886 2625 iraudes
901 2564 999 2633 dolos,

260 2836 309 2884 596
322 2834 379 2883 VL.
395 2836 417 2882 A
435 2842 514 2884 extra
526 2849 625 2883 uncum
638 2833 663 2881 E
675 2840 757 2895 emp
773 2830 785 2897 11
800 2834 841 2883 ln'c
852 2835 944 2898 lepitur
955 2850 1045 2884 nerano
1056 2836 1109 2885 EA

191 2903 254 2951 Ru
266 2901 285 2950 I
285 2902 302 2950 I
307 2904 372 2951 Pali.
389 2917 471 2965 supra
483 2908 542 2951 onte
555 2918 578 2953 n.
592 2904 678 2964 591ap
698 2903 855 2964 transposuit
872 2908 932 2965 post
948 2920 974 2951 u.
987 2904 1036 2953 597
1055 2904 1110 2953 na-

190 2970 337 3033 plrelenqr‘nr
353 2965 365 3034 11
381 2971 431 3018 597
448 2968 533 3018 AND.
552 2968 577 3016 Ε
594 2984 642 3019 om.
654 2968 678 3016 A
697 2969 754 3018 VL.
769 2964 814 3033 RH
831 2968 954 3017 admittit
965 2968 991 3017 Ε
1009 2969 1109 3019 admit·

190 3032 289 3101 tisAl}
306 3039 355 3087 598
374 3036 445 3088 VLI.
464 3035 490 3084 E
501 3051 548 3085 om.
564 3035 587 3083 A
604 3032 616 3101 11
632 3032 760 3100 pertinax
778 3031 821 3099 nt
845 3038 895 3086 599
913 3040 1006 3086 mouet
1020 3053 1063 3101 pr.
1076 3054 1111 3087 an.

190 3110 218 3153 ut
229 3106 331 3153 uidetur
343 3104 396 3165 Εψ
414 3108 507 3153 monet
519 3103 543 3152 A
557 3100 568 3167 11
585 3106 635 3153 600
647 3107 704 3151 tem
716 3118 764 3153 om.
777 3103 803 3152 Ε
818 3100 824 3167 1
847 3104 896 3154 601
909 3104 981 3153 facit
993 3104 1018 3152 Ε
1036 3106 1111 3154 facis

192 3172 216 3219 A
237 3167 302 3236 1603
314 3172 398 3221 ΛΝΒ.
418 3187 464 3223 om.
484 3186 502 3220 α
513 3166 526 3236 11
537 3170 629 3221 Inuito
647 3170 714 3219 Ena
731 3171 832 3220 Immiti
849 3172 874 3222 A
886 3168 898 3236 11
914 3171 1003 3221 ulixes
1021 3170 1110 3233 (eraso

190 3240 223 3288 s?
247 3236 273 3285 E
290 3239 384 3301 Vlyssi
396 3238 462 3287 Anu
473 3235 484 3303 11
498 3254 532 3287 ac
543 3240 652 3288 Danais
665 3239 688 3287 A
703 3254 736 3287 ac
749 3254 795 3288 om.
810 3238 835 3286 Ε
847 3235 858 3303 11
870 3241 920 3288 605
932 3239 1005 3289 soles
1018 3240 1068 3303 (tit.
1079 3256 1110 3289 es

191 3322 222 3357 m.
231 3303 297 3369 sec.)
309 3306 332 3355 Ε
344 3301 355 3373 11
368 3307 417 3356 609
430 3306 479 3355 ita
492 3322 533 3356 me
545 3306 671 3357 Sruoboda
682 3301 693 3370 11
705 3307 753 3355 611
767 3306 884 3369 patriam
898 3306 922 3355 Ε
933 3302 945 3371 11
957 3307 1006 3355 612
1019 3308 1112 3356 caruil

191 3371 242 3420 ΕΑ
263 3378 341 3421 caret
359 3368 393 3423 ut'
407 3374 447 3421 DE
466 3374 527 3423 luce
547 3389 644 3424 cossus
663 3377 775 3423 nonnulli
792 3375 866 3423 codd.
885 3380 904 3423 t.
926 3374 1000 3425 NHs.
1024 3370 1036 3440 11
1059 3374 1111 3424 616

192 3439 277 3487 deinoi
295 3440 339 3488 dio
357 3441 383 3488 Ε
405 3440 440 3488 D.
459 3440 500 3489 da
519 3442 594 3489 NHs.
619 3440 764 3489 Danaidae
784 3440 808 3488 A
825 3437 902 3505 11617
921 3443 1066 3504 qnisquam
1084 3441 1110 3489 Ε

192 3506 342 3567 quidquam
362 3508 384 3556 A
397 3502 409 3570 11
422 3506 473 3555 hoc
486 3505 511 3554 Ε
529 3524 575 3559 om.
589 3508 613 3556 A
626 3503 698 3573 11621
717 3509 838 3571 perierat
855 3520 879 3569 ap
901 3505 913 3573 11
