2550 3917
436 277 440 283 ,
524 226 702 273 THYESTES

159 368 262 445 iusque
279 383 367 425 omne
383 373 495 445 pereat.

111 468 127 498 υ
516 448 594 508 -Νοη
611 451 648 508 sit
663 468 678 510 a
696 450 804 509 uestris
819 450 903 511 malis

161 536 283 594 inmune
300 534 426 595 caelum.
458 553 524 595 cum
541 535 651 593 micant
665 537 737 595 solis
753 533 821 611 polo

159 626 338 695 seruantque
354 618 491 679 flammae
507 617 639 678 debitum
655 618 766 678 mundo
782 619 885 687 decus,

136 774 142 792 '
160 722 217 763 nox
233 702 372 772 alludat,
390 702 505 764 excidat
520 702 602 762 caelo
619 703 706 767 dies..

120 798 135 830 θ
204 788 294 847 Misce
309 796 433 867 penates
455 788 521 847 odia
544 786 651 847 caedes
672 787 778 847 lunera

160 890 280 933 arcesse
302 880 331 932 et
345 872 426 951 inple
442 870 568 932 Tantalo
584 874 676 931 totuin
693 871 822 931 domum.

159 966 285 1017 ornetur
300 956 391 1017 altum
408 955 546 1017 columen
562 964 591 1017 et
606 955 689 1015 lauro
707 956 787 1017 iores

160 1040 254 1101 laetae
268 1043 434 1109 uirescant,
451 1040 558 1117 dignus
574 1041 703 1101 aduentu
719 1048 770 1101 tuo

160 1124 348 1202 splendescat
363 1128 452 1204 ignis.

129 1226 147 1273 u
488 1209 647 1269 Thracium
664 1210 714 1269 liat
730 1210 811 1270 nolas

162 1296 273 1355 maiore
289 1297 441 1355 numeros
453 1294 565 1354 liberos
581 1293 669 1354 dellet
684 1313 753 1355 suos

163 1380 295 1440 nondum
311 1379 464 1459 Thyestes
494 1378 599 1439 dextra
614 1397 666 1439 cur
682 1382 779 1457 patrui
795 1379 898 1439 uacat?

163 1464 318 1543 ecquando
335 1463 437 1524 tollet?
459 1464 577 1541 ignibus
593 1466 651 1523 iam
667 1463 791 1523 subditis

162 1557 301 1625 spument
317 1567 405 1617 aena,
421 1547 556 1608 membra
572 1566 632 1627 pen
641 1556 740 1626 partes
757 1556 824 1609 eant

163 1632 327 1710 discerpta,
344 1640 465 1711 patruos
480 1632 593 1710 polluat
607 1632 726 1710 sanguis
742 1634 834 1694 locos,

124 1722 149 1779 d'
202 1716 315 1794 Epulae
330 1719 524 1778 instruantur.
556 1736 617 1777 uon
632 1720 704 1778 noui
720 1717 842 1779 sceleris
858 1716 910 1777 tibi

163 1804 291 1862 conuiua
306 1803 418 1863 uenies.
452 1801 580 1861 liberum
597 1801 732 1863 dedimus
749 1802 826 1863 diem

162 1893 303 1965 tuamque
318 1887 355 1947 ad
370 1888 441 1947 istas
455 1885 599 1947 soluimus
608 1886 731 1948 'mensas
747 1887 871 1947 famem:

162 1970 271 2031 ieiunia
287 1971 381 2050 exple,
398 1973 507 2032 mixtus
522 1973 554 2030 in
570 1970 716 2031 bacchum
733 1990 822 2032 cruor

163 2062 317 2133 spectante
332 2065 364 2117 te
379 2063 509 2135 potetur.
541 2057 643 2118 inueni
659 2056 750 2135 dapes

164 2158 237 2217 quas
251 2142 316 2217 ipse
331 2140 459 2217 lugeres.
488 2141 569 2200 siste.
601 2159 660 2218 quo
675 2159 821 2220 praeceps
836 2142 914 2201 ruis‘t

132 2254 148 2289 e
207 2238 310 2286 usur.
336 2225 380 2286 Ad
395 2233 498 2301 stagna
515 2233 544 2285 et
559 2229 655 2286 amnis
671 2229 713 2287 od
728 2226 903 2287 recedentes
919 2245 1009 2306 aquas

164 2307 315 2387 labrisque
331 2309 367 2369 ab
383 2311 454 2389 ipsis
469 2309 585 2369 arboris
600 2310 706 2387 plenae
722 2310 814 2389 sugas.

166 2393 248 2454 abire
263 2397 294 2452 in
309 2403 405 2455 atrum
423 2396 551 2454 carceris
566 2394 653 2455 liceat
668 2396 726 2455 mei

166 2477 275 2549 cubile,
292 2478 387 2547 liceat,
404 2480 428 2538 si
444 2495 550 2556 parum
566 2479 671 2539 uideor
687 2480 785 2548 miser,

234 2750 268 2798 48
289 2766 305 2799 a
318 2750 419 2799 uestris
432 2750 456 2798 Α
477 2750 593 2799 aom.E
616 2746 628 2816 ΙΙ
651 2753 683 2801 49
706 2766 766 2799 cum
780 2754 885 2801 micant
903 2750 1001 2799 stellae
1021 2750 1083 2814 polo

169 2816 398 2882 (bdlflammeque
417 2822 531 2867 seruant
549 2835 570 2867 ω
599 2833 661 2867 cum
680 2833 714 2870 m.
739 2818 824 2868 solis
842 2818 906 2883 polo
925 2824 1084 2867 seruant·

168 2899 228 2947 que
248 2884 409 2935 flammae
428 2885 545 2937 sistrum
566 2881 577 2950 ΙΙ
611 2888 642 2936 51
664 2893 725 2935 atra
743 2889 768 2935 Α
788 2886 845 2935 alia
863 2886 888 2934 E
902 2882 931 2948 (t.
942 2884 1004 2949 Hs.)
1025 2886 1084 2936 alta

166 2967 229 3001 unua
249 2968 285 3002 ecc
304 2954 372 3006 Poll.
407 2949 419 3018 ΙΙ
453 2956 486 3003 53
514 2954 597 3017 imple
622 2954 729 3003 scelere
751 2954 906 3003 tantaleam
933 2953 1040 3003 domum
1059 2956 1084 3003 Α

168 3018 250 3083 imple
269 3020 377 3070 tantalo
395 3025 483 3071 lotam
501 3020 609 3070 domum
626 3021 652 3069 E
676 3017 688 3087 l}
710 3024 742 3072 56
760 3022 919 3072 slendeseat
936 3021 961 3069 E
983 3017 995 3087 Ι]
1019 3024 1085 3071 57-

168 3089 199 3136 59
218 3088 322 3137 maiore
340 3104 462 3139 numero.
481 3088 579 3138 dextra
598 3104 647 3137 cur
665 3090 757 3153 patrui
775 3092 878 3139 uacat?
897 3089 1014 3139 nondum
1033 3090 1083 3142 Th.

167 3154 271 3204 liberos
294 3154 377 3205 deflet
401 3171 473 3206 auos.
511 3161 539 3205 et
557 3157 666 3220 quando
686 3156 766 3206 tollet
789 3174 810 3207 o>
841 3158 994 3220 (ecquando
1014 3162 1034 3207 t.
1055 3157 1084 3221 ot)

168 3238 203 3275 m.
227 3238 349 3273 numero.
378 3224 511 3275 liberos
539 3224 653 3273 deflet
680 3240 756 3275 suos
784 3225 902 3275 nondum
930 3226 1084 3288 Thyestes?

169 3289 289 3340 dextra
308 3307 367 3341 cur
390 3294 509 3357 patrui
526 3294 648 3341 uacat?
672 3293 814 3356 ecquando
832 3294 929 3343 tollet?
946 3296 1041 3357 scripsi

168 3360 200 3407 60
219 3363 364 3421 spumante
382 3376 452 3411 aeno
472 3361 495 3408 Α
526 3364 726 3425 spumentaena
745 3362 770 3410 E
798 3357 809 3427 ll
844 3363 876 3410 67
895 3376 992 3424 preces
1003 3360 1034 3408 'E

169 3426 201 3476 68
220 3430 249 3475 et
267 3442 363 3477 manes
382 3428 447 3478 etE
471 3433 500 3477 et
517 3443 611 3478 amnas
630 3432 658 3477 et
673 3430 695 3478 ‚4
721 3438 748 3477 et
767 3430 864 3478 amnis
884 3428 924 3477 ad
945 3430 1041 3491 scripsi

170 3495 201 3542 tc
220 3498 329 3543 antrum
345 3496 394 3560 Εψ
419 3502 508 3546 atrum
527 3497 551 3546 Α
577 3487 594 3562 ss
621 3498 676 3546 mei
694 3514 715 3547 ω
739 3497 819 3545 mihi
838 3495 886 3547 Bo.
911 3491 922 3559 ΙΙ
