<?xml version="1.0" encoding="UTF-8"?>
<!DOCTYPE html PUBLIC "-//W3C//DTD XHTML 1.0 Transitional//EN"
    "http://www.w3.org/TR/xhtml1/DTD/xhtml1-transitional.dtd">
<html xmlns="http://www.w3.org/1999/xhtml" xml:lang="en" lang="en">
 <head>
  <title>
</title>
<meta http-equiv="Content-Type" content="text/html;charset=utf-8" />
  <meta name='ocr-system' content='tesseract 3.04.00' />
  <meta name='ocr-capabilities' content='ocr_page ocr_carea ocr_par ocr_line ocrx_word'/>
</head>
<body>
  <div class='ocr_page' id='page_1' title='image "./lannaeisenecaet00richgoog_0387.png"; bbox 0 0 2550 3917; ppageno 0'>
   <div class='ocr_carea' id='block_1_1' title="bbox 199 191 733 258">
    <p class='ocr_par' dir='ltr' id='par_1_1' title="bbox 199 191 733 258">
     <span class='ocr_line' id='line_1_1' title="bbox 199 191 733 258; baseline -0.006 0"><span class='ocrx_word' id='word_1_1' title='bbox 199 191 263 258; x_wconf 81' lang='grc'><strong>334</strong></span> <span class='ocrx_word' id='word_1_2' title='bbox 588 208 733 256; x_wconf 78' lang='lat' dir='ltr'><strong>mcunrr</strong></span> 
     </span>
    </p>
   </div>
   <div class='ocr_carea' id='block_1_2' title="bbox 284 347 823 680">
    <p class='ocr_par' dir='ltr' id='par_1_2' title="bbox 284 347 778 510">
     <span class='ocr_line' id='line_1_2' title="bbox 284 347 778 428; baseline 0 -20"><span class='ocrx_word' id='word_1_3' title='bbox 284 348 403 426; x_wconf 86' lang='lat' dir='ltr'><strong>generis</strong></span> <span class='ocrx_word' id='word_1_4' title='bbox 418 347 512 408; x_wconf 77' lang='lat' dir='ltr'><strong>nostri</strong></span> <span class='ocrx_word' id='word_1_5' title='bbox 526 348 659 428; x_wconf 85' lang='lat' dir='ltr'><strong>luppiter</strong></span> <span class='ocrx_word' id='word_1_6' title='bbox 671 358 778 408; x_wconf 83' lang='lat' dir='ltr'><strong>auctor</strong></span> 
     </span>
     <span class='ocr_line' id='line_1_3' title="bbox 327 432 604 510; baseline 0 -17"><span class='ocrx_word' id='word_1_7' title='bbox 327 445 399 510; x_wconf 88' lang='lat' dir='ltr'><strong>capo</strong></span> <span class='ocrx_word' id='word_1_8' title='bbox 416 432 493 492; x_wconf 89' lang='lat' dir='ltr'><strong>dona</strong></span> <span class='ocrx_word' id='word_1_9' title='bbox 508 433 604 494; x_wconf 90' lang='lat' dir='ltr'><strong>libens</strong></span> 
     </span>
    </p>

    <p class='ocr_par' dir='ltr' id='par_1_3' title="bbox 284 516 823 680">
     <span class='ocr_line' id='line_1_4' title="bbox 284 516 823 595; baseline 0.002 -18"><span class='ocrx_word' id='word_1_10' title='bbox 284 516 455 595; x_wconf 86' lang='lat' dir='ltr'><strong>abauusque</strong></span> <span class='ocrx_word' id='word_1_11' title='bbox 472 524 551 578; x_wconf 91' lang='lat' dir='ltr'><strong>tuam</strong></span> <span class='ocrx_word' id='word_1_12' title='bbox 568 535 626 578; x_wconf 91' lang='lat' dir='ltr'><strong>non</strong></span> <span class='ocrx_word' id='word_1_13' title='bbox 643 516 823 595; x_wconf 83' lang='lat' dir='ltr'><strong>degenere-m</strong></span> 
     </span>
     <span class='ocr_line' id='line_1_5' title="bbox 326 601 582 680; baseline -0.004 -18"><span class='ocrx_word' id='word_1_14' title='bbox 326 604 442 679; x_wconf 83' lang='lat' dir='ltr'>respice</span> <span class='ocrx_word' id='word_1_15' title='bbox 458 601 582 680; x_wconf 88' lang='lat' dir='ltr'><strong>prolem.</strong></span> 
     </span>
    </p>
   </div>
   <div class='ocr_carea' id='block_1_3' title="bbox 199 770 1252 1106">
    <p class='ocr_par' dir='ltr' id='par_1_4' title="bbox 199 770 1252 1106">
     <span class='ocr_line' id='line_1_6' title="bbox 242 770 847 848; baseline 0.003 -18"><span class='ocrx_word' id='word_1_16' title='bbox 242 770 300 830; x_wconf 89' lang='lat' dir='ltr'><strong>Sed</strong></span> <span class='ocrx_word' id='word_1_17' title='bbox 317 789 386 834; x_wconf 83' lang='lat' dir='ltr'><strong>soce</strong></span> <span class='ocrx_word' id='word_1_18' title='bbox 401 779 485 832; x_wconf 88' lang='lat' dir='ltr'><strong>uasto</strong></span> <span class='ocrx_word' id='word_1_19' title='bbox 501 773 635 832; x_wconf 88' lang='lat' dir='ltr'><strong>coneitus</strong></span> <span class='ocrx_word' id='word_1_20' title='bbox 650 770 736 832; x_wconf 84' lang='lat' dir='ltr'><strong>miles</strong></span> <span class='ocrx_word' id='word_1_21' title='bbox 751 771 847 848; x_wconf 88' lang='lat' dir='ltr'><strong>gradu</strong></span> 
     </span>
     <span class='ocr_line' id='line_1_7' title="bbox 199 854 1189 936; baseline 0.003 -22"><span class='ocrx_word' id='word_1_22' title='bbox 199 856 352 917; x_wconf 80' lang='lat' dir='ltr'><strong>manifesta</strong></span> <span class='ocrx_word' id='word_1_23' title='bbox 370 865 511 936; x_wconf 82' lang='lat' dir='ltr'><strong>properat</strong></span> <span class='ocrx_word' id='word_1_24' title='bbox 526 856 608 934; x_wconf 86' lang='lat' dir='ltr'><strong>signa</strong></span> <span class='ocrx_word' id='word_1_25' title='bbox 623 854 752 916; x_wconf 89' lang='lat' dir='ltr'><strong>laetitiae</strong></span> <span class='ocrx_word' id='word_1_26' title='bbox 767 855 867 917; x_wconf 82' lang='lat' dir='ltr'><strong>lenens</strong></span> <span class='ocrx_word' id='word_1_27' title='bbox 1133 869 1189 918; x_wconf 80' lang='lat'><strong>410</strong></span> 
     </span>
     <span class='ocr_line' id='line_1_8' title="bbox 199 940 894 1018; baseline 0.006 -20"><span class='ocrx_word' id='word_1_28' title='bbox 199 957 326 1018; x_wconf 87' lang='lat' dir='ltr'><strong>namque</strong></span> <span class='ocrx_word' id='word_1_29' title='bbox 341 940 424 1002; x_wconf 90' lang='lat' dir='ltr'><strong>hasta</strong></span> <span class='ocrx_word' id='word_1_30' title='bbox 439 958 556 1001; x_wconf 90' lang='lat' dir='ltr'><strong>summo</strong></span> <span class='ocrx_word' id='word_1_31' title='bbox 573 940 704 1002; x_wconf 88' lang='lat' dir='ltr'><strong>lauream</strong></span> <span class='ocrx_word' id='word_1_32' title='bbox 720 941 802 1002; x_wconf 86' lang='lat' dir='ltr'><strong>ierro</strong></span> <span class='ocrx_word' id='word_1_33' title='bbox 816 943 894 1018; x_wconf 87' lang='lat' dir='ltr'><strong>gerit</strong></span> 
     </span>
     <span class='ocr_line' id='line_1_9' title="bbox 199 1024 1252 1106; baseline 0.001 -23"><span class='ocrx_word' id='word_1_34' title='bbox 199 1024 332 1103; x_wconf 82' lang='lat' dir='ltr'><strong>fidusque</strong></span> <span class='ocrx_word' id='word_1_35' title='bbox 347 1026 412 1104; x_wconf 90' lang='lat' dir='ltr'><strong>regi</strong></span> <span class='ocrx_word' id='word_1_36' title='bbox 428 1042 546 1104; x_wconf 81' lang='lat' dir='ltr'><strong>semper</strong></span> <span class='ocrx_word' id='word_1_37' title='bbox 563 1024 729 1106; x_wconf 79' lang='lat' dir='ltr'><strong>Eurybates</strong></span> <span class='ocrx_word' id='word_1_38' title='bbox 744 1025 836 1087; x_wconf 87' lang='lat' dir='ltr'><strong>adest.</strong></span> <span class='ocrx_word' id='word_1_39' title='bbox 1066 1041 1089 1083; x_wconf 86' lang='lat' dir='ltr'><strong>r.</strong></span> <span class='ocrx_word' id='word_1_40' title='bbox 1105 1041 1186 1084; x_wconf 87' lang='lat' dir='ltr'><strong>ovnu</strong></span> <span class='ocrx_word' id='word_1_41' title='bbox 1251 1036 1252 1039; x_wconf 73' lang='grc'>’</span> 
     </span>
    </p>
   </div>
   <div class='ocr_carea' id='block_1_4' title="bbox 189 1445 1180 3300">
    <p class='ocr_par' dir='ltr' id='par_1_5' title="bbox 195 1445 953 1866">
     <span class='ocr_line' id='line_1_10' title="bbox 240 1445 913 1528; baseline 0.004 -21"><span class='ocrx_word' id='word_1_42' title='bbox 240 1445 368 1508; x_wconf 88' lang='lat' dir='ltr'><strong>Delubra</strong></span> <span class='ocrx_word' id='word_1_43' title='bbox 384 1454 413 1506; x_wconf 89' lang='lat' dir='ltr'><strong>et</strong></span> <span class='ocrx_word' id='word_1_44' title='bbox 427 1466 494 1508; x_wconf 90' lang='lat' dir='ltr'><strong>aras</strong></span> <span class='ocrx_word' id='word_1_45' title='bbox 510 1447 649 1509; x_wconf 87' lang='lat' dir='ltr'><strong>caelitum</strong></span> <span class='ocrx_word' id='word_1_46' title='bbox 665 1461 695 1508; x_wconf 88' lang='lat' dir='ltr'><strong>et</strong></span> <span class='ocrx_word' id='word_1_47' title='bbox 708 1449 820 1528; x_wconf 87' lang='lat' dir='ltr'><strong>patrios</strong></span> <span class='ocrx_word' id='word_1_48' title='bbox 834 1448 913 1510; x_wconf 91' lang='lat' dir='ltr'><strong>lares</strong></span> 
     </span>
     <span class='ocr_line' id='line_1_11' title="bbox 197 1531 953 1612; baseline 0.005 -21"><span class='ocrx_word' id='word_1_49' title='bbox 197 1539 264 1608; x_wconf 92' lang='lat' dir='ltr'><strong>post</strong></span> <span class='ocrx_word' id='word_1_50' title='bbox 279 1531 365 1608; x_wconf 87' lang='lat' dir='ltr'><strong>longa</strong></span> <span class='ocrx_word' id='word_1_51' title='bbox 381 1532 475 1592; x_wconf 90' lang='lat' dir='ltr'><strong>lessus</strong></span> <span class='ocrx_word' id='word_1_52' title='bbox 491 1535 583 1612; x_wconf 90' lang='lat' dir='ltr'><strong>spatia</strong></span> <span class='ocrx_word' id='word_1_53' title='bbox 598 1533 647 1592; x_wconf 83' lang='lat' dir='ltr'><strong>uix</strong></span> <span class='ocrx_word' id='word_1_54' title='bbox 665 1533 790 1596; x_wconf 89' lang='lat' dir='ltr'><strong>eredens</strong></span> <span class='ocrx_word' id='word_1_55' title='bbox 805 1534 877 1594; x_wconf 90' lang='lat' dir='ltr'><strong>mibi</strong></span> <span class='ocrx_word' id='word_1_56' title='bbox 948 1543 953 1552; x_wconf 84' lang='lat'>&#39;</span> 
     </span>
     <span class='ocr_line' id='line_1_12' title="bbox 196 1615 805 1696; baseline 0.003 -20"><span class='ocrx_word' id='word_1_57' title='bbox 196 1615 319 1693; x_wconf 84' lang='lat' dir='ltr'><strong>supplex</strong></span> <span class='ocrx_word' id='word_1_58' title='bbox 336 1616 436 1676; x_wconf 85' lang='lat' dir='ltr'><strong>adoro.</strong></span> <span class='ocrx_word' id='word_1_59' title='bbox 466 1624 535 1676; x_wconf 94' lang='lat' dir='ltr'><strong>uota</strong></span> <span class='ocrx_word' id='word_1_60' title='bbox 552 1618 670 1696; x_wconf 86' lang='lat' dir='ltr'><strong>superis</strong></span> <span class='ocrx_word' id='word_1_61' title='bbox 684 1616 805 1678; x_wconf 87' lang='lat' dir='ltr'><strong>soluite:</strong></span> 
     </span>
     <span class='ocr_line' id='line_1_13' title="bbox 195 1699 817 1779; baseline 0.01 -21"><span class='ocrx_word' id='word_1_62' title='bbox 195 1699 310 1762; x_wconf 90' lang='lat' dir='ltr'><strong>telluris</strong></span> <span class='ocrx_word' id='word_1_63' title='bbox 326 1699 416 1761; x_wconf 87' lang='lat' dir='ltr'><strong>altum</strong></span> <span class='ocrx_word' id='word_1_64' title='bbox 433 1708 547 1762; x_wconf 82' lang='lat' dir='ltr'><strong>remeat</strong></span> <span class='ocrx_word' id='word_1_65' title='bbox 561 1701 710 1779; x_wconf 79' lang='lat' dir='ltr'><strong>argolicae</strong></span> <span class='ocrx_word' id='word_1_66' title='bbox 726 1702 817 1764; x_wconf 86' lang='lat' dir='ltr'><strong>decus</strong></span> 
     </span>
     <span class='ocr_line' id='line_1_14' title="bbox 196 1786 926 1866; baseline 0.005 -22"><span class='ocrx_word' id='word_1_67' title='bbox 196 1786 313 1846; x_wconf 88' lang='lat' dir='ltr'><strong>tandem</strong></span> <span class='ocrx_word' id='word_1_68' title='bbox 330 1786 366 1844; x_wconf 88' lang='lat' dir='ltr'><strong>ad</strong></span> <span class='ocrx_word' id='word_1_69' title='bbox 383 1793 504 1863; x_wconf 89' lang='lat' dir='ltr'><strong>penates</strong></span> <span class='ocrx_word' id='word_1_70' title='bbox 518 1786 615 1846; x_wconf 88' lang='lat' dir='ltr'><strong>uictor</strong></span> <span class='ocrx_word' id='word_1_71' title='bbox 628 1790 832 1866; x_wconf 80' lang='lat' dir='ltr'><strong>Agamemnon</strong></span> <span class='ocrx_word' id='word_1_72' title='bbox 848 1805 926 1848; x_wconf 93' lang='lat' dir='ltr'><strong>suos.</strong></span> 
     </span>
    </p>

    <p class='ocr_par' dir='ltr' id='par_1_6' title="bbox 192 1868 1180 2288">
     <span class='ocr_line' id='line_1_15' title="bbox 237 1868 935 1933; baseline 0.004 -3"><span class='ocrx_word' id='word_1_73' title='bbox 237 1883 336 1930; x_wconf 76' lang='lat' dir='ltr'><strong>curn.</strong></span> <span class='ocrx_word' id='word_1_74' title='bbox 362 1868 442 1928; x_wconf 84' lang='lat' dir='ltr'><strong>Felix</strong></span> <span class='ocrx_word' id='word_1_75' title='bbox 458 1870 494 1930; x_wconf 90' lang='lat' dir='ltr'><strong>ad</strong></span> <span class='ocrx_word' id='word_1_76' title='bbox 510 1888 598 1932; x_wconf 88' lang='lat' dir='ltr'><strong>aures</strong></span> <span class='ocrx_word' id='word_1_77' title='bbox 614 1878 734 1932; x_wconf 84' lang='lat' dir='ltr'><strong>nuntius</strong></span> <span class='ocrx_word' id='word_1_78' title='bbox 749 1873 831 1933; x_wconf 91' lang='lat' dir='ltr'><strong>uenit</strong></span> <span class='ocrx_word' id='word_1_79' title='bbox 844 1890 935 1933; x_wconf 87' lang='lat' dir='ltr'><strong>meas.</strong></span> 
     </span>
     <span class='ocr_line' id='line_1_16' title="bbox 193 1953 861 2032; baseline 0.003 -18"><span class='ocrx_word' id='word_1_80' title='bbox 193 1953 314 2015; x_wconf 88' lang='lat' dir='ltr'><strong>ubinam</strong></span> <span class='ocrx_word' id='word_1_81' title='bbox 330 1955 438 2030; x_wconf 90' lang='lat' dir='ltr'><strong>petitus</strong></span> <span class='ocrx_word' id='word_1_82' title='bbox 454 1973 507 2032; x_wconf 90' lang='lat' dir='ltr'><strong>per</strong></span> <span class='ocrx_word' id='word_1_83' title='bbox 523 1954 626 2015; x_wconf 82' lang='lat' dir='ltr'><strong>decem</strong></span> <span class='ocrx_word' id='word_1_84' title='bbox 644 1957 774 2017; x_wconf 82' lang='lat' dir='ltr'><strong>coniunx</strong></span> <span class='ocrx_word' id='word_1_85' title='bbox 788 1957 861 2016; x_wconf 92' lang='lat' dir='ltr'><strong>mibi</strong></span> 
     </span>
     <span class='ocr_line' id='line_1_17' title="bbox 193 2037 1180 2119; baseline 0.007 -22"><span class='ocrx_word' id='word_1_86' title='bbox 193 2055 286 2099; x_wconf 85' lang='lat' dir='ltr'><strong>anuos</strong></span> <span class='ocrx_word' id='word_1_87' title='bbox 302 2038 453 2098; x_wconf 81' lang='lat' dir='ltr'><strong>moratur?</strong></span> <span class='ocrx_word' id='word_1_88' title='bbox 475 2037 599 2117; x_wconf 86' lang='lat' dir='ltr'><strong>pelagus</strong></span> <span class='ocrx_word' id='word_1_89' title='bbox 615 2059 652 2100; x_wconf 87' lang='lat' dir='ltr'><strong>an</strong></span> <span class='ocrx_word' id='word_1_90' title='bbox 668 2051 764 2102; x_wconf 88' lang='lat' dir='ltr'><strong>terras</strong></span> <span class='ocrx_word' id='word_1_91' title='bbox 779 2041 907 2119; x_wconf 77' lang='lat' dir='ltr'><strong>premit?</strong></span> <span class='ocrx_word' id='word_1_92' title='bbox 1129 2055 1180 2104; x_wconf 80' lang='lat'><strong>420</strong></span> 
     </span>
     <span class='ocr_line' id='line_1_18' title="bbox 193 2121 908 2201; baseline 0.004 -19"><span class='ocrx_word' id='word_1_93' title='bbox 193 2137 271 2184; x_wconf 81' lang='lat' dir='ltr'><strong>nvn.</strong></span> <span class='ocrx_word' id='word_1_94' title='bbox 287 2121 444 2184; x_wconf 85' lang='lat' dir='ltr'><strong>incolumis</strong></span> <span class='ocrx_word' id='word_1_95' title='bbox 460 2130 564 2185; x_wconf 87' lang='lat' dir='ltr'><strong>auctus</strong></span> <span class='ocrx_word' id='word_1_96' title='bbox 579 2123 673 2201; x_wconf 86' lang='lat' dir='ltr'><strong>gloria</strong></span> <span class='ocrx_word' id='word_1_97' title='bbox 689 2125 775 2186; x_wconf 90' lang='lat' dir='ltr'><strong>laude</strong></span> <span class='ocrx_word' id='word_1_98' title='bbox 791 2125 908 2185; x_wconf 87' lang='lat' dir='ltr'><strong>inolitus</strong></span> 
     </span>
     <span class='ocr_line' id='line_1_19' title="bbox 192 2206 863 2288; baseline 0.007 -22"><span class='ocrx_word' id='word_1_99' title='bbox 192 2207 334 2268; x_wconf 81' lang='lat' dir='ltr'><strong>reducem</strong></span> <span class='ocrx_word' id='word_1_100' title='bbox 351 2208 479 2285; x_wconf 86' lang='lat' dir='ltr'><strong>expetito</strong></span> <span class='ocrx_word' id='word_1_101' title='bbox 495 2206 577 2268; x_wconf 92' lang='lat' dir='ltr'><strong>litori</strong></span> <span class='ocrx_word' id='word_1_102' title='bbox 592 2210 734 2288; x_wconf 86' lang='lat' dir='ltr'><strong>inpressit</strong></span> <span class='ocrx_word' id='word_1_103' title='bbox 748 2210 863 2288; x_wconf 88' lang='lat' dir='ltr'><strong>pedem.</strong></span> 
     </span>
    </p>

    <p class='ocr_par' dir='ltr' id='par_1_7' title="bbox 192 2291 1026 2784">
     <span class='ocr_line' id='line_1_20' title="bbox 236 2291 1026 2373; baseline 0.008 -21"><span class='ocrx_word' id='word_1_104' title='bbox 236 2305 334 2352; x_wconf 68' lang='lat' dir='ltr'><strong>cour.</strong></span> <span class='ocrx_word' id='word_1_105' title='bbox 359 2292 458 2352; x_wconf 84' lang='lat' dir='ltr'><strong>Sacris</strong></span> <span class='ocrx_word' id='word_1_106' title='bbox 473 2291 604 2353; x_wconf 83' lang='lat' dir='ltr'><strong>colamus</strong></span> <span class='ocrx_word' id='word_1_107' title='bbox 620 2312 798 2373; x_wconf 89' lang='lat' dir='ltr'><strong>prosperum</strong></span> <span class='ocrx_word' id='word_1_108' title='bbox 813 2295 932 2358; x_wconf 86' lang='lat' dir='ltr'><strong>tandem</strong></span> <span class='ocrx_word' id='word_1_109' title='bbox 947 2295 1026 2358; x_wconf 86' lang='lat' dir='ltr'><strong>diem</strong></span> 
     </span>
     <span class='ocr_line' id='line_1_21' title="bbox 194 2376 778 2455; baseline 0.003 -18"><span class='ocrx_word' id='word_1_110' title='bbox 194 2383 223 2437; x_wconf 92' lang='lat' dir='ltr'><strong>et</strong></span> <span class='ocrx_word' id='word_1_111' title='bbox 239 2377 263 2435; x_wconf 93' lang='lat' dir='ltr'><strong>si</strong></span> <span class='ocrx_word' id='word_1_112' title='bbox 279 2377 424 2455; x_wconf 90' lang='lat' dir='ltr'><strong>propitios</strong></span> <span class='ocrx_word' id='word_1_113' title='bbox 439 2383 569 2438; x_wconf 76' lang='lat' dir='ltr'><strong>attamen</strong></span> <span class='ocrx_word' id='word_1_114' title='bbox 584 2376 681 2440; x_wconf 85' lang='lat' dir='ltr'><strong>leutos</strong></span> <span class='ocrx_word' id='word_1_115' title='bbox 696 2379 778 2440; x_wconf 87' lang='lat' dir='ltr'><strong>deos.</strong></span> 
     </span>
     <span class='ocr_line' id='line_1_22' title="bbox 192 2461 763 2540; baseline 0.004 -20"><span class='ocrx_word' id='word_1_116' title='bbox 192 2469 224 2520; x_wconf 87' lang='lat' dir='ltr'><strong>tu</strong></span> <span class='ocrx_word' id='word_1_117' title='bbox 240 2461 336 2539; x_wconf 85' lang='lat' dir='ltr'><strong>pande</strong></span> <span class='ocrx_word' id='word_1_118' title='bbox 352 2462 433 2521; x_wconf 89' lang='lat' dir='ltr'><strong>uiuat</strong></span> <span class='ocrx_word' id='word_1_119' title='bbox 448 2463 581 2540; x_wconf 89' lang='lat' dir='ltr'><strong>coniugis</strong></span> <span class='ocrx_word' id='word_1_120' title='bbox 596 2461 689 2523; x_wconf 84' lang='lat' dir='ltr'><strong>irater</strong></span> <span class='ocrx_word' id='word_1_121' title='bbox 704 2465 763 2524; x_wconf 88' lang='lat' dir='ltr'><strong>mei</strong></span> 
     </span>
     <span class='ocr_line' id='line_1_23' title="bbox 193 2545 828 2624; baseline 0.005 -19"><span class='ocrx_word' id='word_1_122' title='bbox 193 2553 222 2605; x_wconf 89' lang='lat' dir='ltr'><strong>et</strong></span> <span class='ocrx_word' id='word_1_123' title='bbox 237 2545 334 2624; x_wconf 91' lang='lat' dir='ltr'><strong>pande</strong></span> <span class='ocrx_word' id='word_1_124' title='bbox 350 2552 449 2606; x_wconf 88' lang='lat' dir='ltr'><strong>teneat</strong></span> <span class='ocrx_word' id='word_1_125' title='bbox 464 2563 537 2622; x_wconf 90' lang='lat' dir='ltr'><strong>quas</strong></span> <span class='ocrx_word' id='word_1_126' title='bbox 551 2564 637 2606; x_wconf 86' lang='lat' dir='ltr'><strong>soror</strong></span> <span class='ocrx_word' id='word_1_127' title='bbox 653 2548 738 2608; x_wconf 87' lang='lat' dir='ltr'><strong>sedes</strong></span> <span class='ocrx_word' id='word_1_128' title='bbox 752 2567 828 2609; x_wconf 87' lang='lat' dir='ltr'><strong>mea.</strong></span> 
     </span>
     <span class='ocr_line' id='line_1_24' title="bbox 192 2628 904 2708; baseline 0.007 -19"><span class='ocrx_word' id='word_1_129' title='bbox 192 2643 271 2690; x_wconf 77' lang='lat' dir='ltr'><strong>nvn.</strong></span> <span class='ocrx_word' id='word_1_130' title='bbox 290 2628 413 2690; x_wconf 90' lang='lat' dir='ltr'><strong>meliora</strong></span> <span class='ocrx_word' id='word_1_131' title='bbox 428 2632 505 2690; x_wconf 90' lang='lat' dir='ltr'><strong>uotis</strong></span> <span class='ocrx_word' id='word_1_132' title='bbox 519 2649 610 2708; x_wconf 87' lang='lat' dir='ltr'><strong>posco</strong></span> <span class='ocrx_word' id='word_1_133' title='bbox 626 2639 656 2692; x_wconf 90' lang='lat' dir='ltr'><strong>et</strong></span> <span class='ocrx_word' id='word_1_134' title='bbox 671 2632 804 2694; x_wconf 91' lang='lat' dir='ltr'><strong>obtestor</strong></span> <span class='ocrx_word' id='word_1_135' title='bbox 819 2633 904 2694; x_wconf 85' lang='lat' dir='ltr'><strong>deos:</strong></span> 
     </span>
     <span class='ocr_line' id='line_1_25' title="bbox 192 2714 819 2784; baseline 0.005 -11"><span class='ocrx_word' id='word_1_136' title='bbox 192 2732 260 2774; x_wconf 93' lang='lat' dir='ltr'><strong>nam</strong></span> <span class='ocrx_word' id='word_1_137' title='bbox 277 2724 358 2775; x_wconf 80' lang='lat' dir='ltr'><strong>certa</strong></span> <span class='ocrx_word' id='word_1_138' title='bbox 373 2714 430 2774; x_wconf 90' lang='lat' dir='ltr'><strong>lari</strong></span> <span class='ocrx_word' id='word_1_139' title='bbox 445 2733 511 2784; x_wconf 86' lang='lat' dir='ltr'><strong>sors</strong></span> <span class='ocrx_word' id='word_1_140' title='bbox 527 2717 618 2775; x_wconf 91' lang='lat' dir='ltr'><strong>maris</strong></span> <span class='ocrx_word' id='word_1_141' title='bbox 633 2716 716 2777; x_wconf 91' lang='lat' dir='ltr'><strong>dubii</strong></span> <span class='ocrx_word' id='word_1_142' title='bbox 730 2724 819 2778; x_wconf 87' lang='lat' dir='ltr'><strong>uetat.</strong></span> 
     </span>
    </p>

    <p class='ocr_par' dir='ltr' id='par_1_8' title="bbox 189 2798 910 3300">
     <span class='ocr_line' id='line_1_26' title="bbox 234 2798 910 2881; baseline 0.012 -25"><span class='ocrx_word' id='word_1_143' title='bbox 234 2798 270 2858; x_wconf 90' lang='lat' dir='ltr'><strong>Vt</strong></span> <span class='ocrx_word' id='word_1_144' title='bbox 284 2816 388 2877; x_wconf 91' lang='lat' dir='ltr'><strong>sparsa</strong></span> <span class='ocrx_word' id='word_1_145' title='bbox 403 2799 548 2860; x_wconf 84' lang='lat' dir='ltr'><strong>tumidum</strong></span> <span class='ocrx_word' id='word_1_146' title='bbox 564 2799 666 2862; x_wconf 82' lang='lat' dir='ltr'><strong>elassis</strong></span> <span class='ocrx_word' id='word_1_147' title='bbox 681 2803 797 2881; x_wconf 83' lang='lat' dir='ltr'><strong>excepit</strong></span> <span class='ocrx_word' id='word_1_148' title='bbox 812 2820 910 2872; x_wconf 90' lang='lat' dir='ltr'><strong>mare,</strong></span> 
     </span>
     <span class='ocr_line' id='line_1_27' title="bbox 191 2883 782 2963; baseline 0.007 -21"><span class='ocrx_word' id='word_1_149' title='bbox 191 2884 263 2944; x_wconf 88' lang='lat' dir='ltr'><strong>ratis</strong></span> <span class='ocrx_word' id='word_1_150' title='bbox 280 2883 382 2943; x_wconf 90' lang='lat' dir='ltr'><strong>uidere</strong></span> <span class='ocrx_word' id='word_1_151' title='bbox 397 2883 475 2943; x_wconf 85' lang='lat' dir='ltr'><strong>socia</strong></span> <span class='ocrx_word' id='word_1_152' title='bbox 492 2901 551 2944; x_wconf 94' lang='lat' dir='ltr'><strong>non</strong></span> <span class='ocrx_word' id='word_1_153' title='bbox 569 2887 664 2963; x_wconf 93' lang='lat' dir='ltr'><strong>potuit</strong></span> <span class='ocrx_word' id='word_1_154' title='bbox 678 2893 782 2948; x_wconf 83' lang='lat' dir='ltr'><strong>ratem.</strong></span> 
     </span>
     <span class='ocr_line' id='line_1_28' title="bbox 190 2967 875 3048; baseline 0.004 -21"><span class='ocrx_word' id='word_1_155' title='bbox 190 2970 262 3046; x_wconf 89' lang='lat' dir='ltr'><strong>quin</strong></span> <span class='ocrx_word' id='word_1_156' title='bbox 277 2968 340 3046; x_wconf 90' lang='lat' dir='ltr'><strong>ipse</strong></span> <span class='ocrx_word' id='word_1_157' title='bbox 356 2967 471 3029; x_wconf 78' lang='lat' dir='ltr'><strong>Atrides</strong></span> <span class='ocrx_word' id='word_1_158' title='bbox 486 2972 766 3046; x_wconf 84' lang='lat' dir='ltr'><strong>aequoreinmenso</strong></span> <span class='ocrx_word' id='word_1_159' title='bbox 782 2989 875 3048; x_wconf 87' lang='lat' dir='ltr'><strong>uagus</strong></span> 
     </span>
     <span class='ocr_line' id='line_1_29' title="bbox 190 3051 851 3133; baseline 0.005 -21"><span class='ocrx_word' id='word_1_160' title='bbox 190 3054 329 3132; x_wconf 81' lang='lat' dir='ltr'><strong>grauiora</strong></span> <span class='ocrx_word' id='word_1_161' title='bbox 344 3051 449 3130; x_wconf 81' lang='lat' dir='ltr'><strong>pelago</strong></span> <span class='ocrx_word' id='word_1_162' title='bbox 465 3053 571 3114; x_wconf 89' lang='lat' dir='ltr'><strong>damna</strong></span> <span class='ocrx_word' id='word_1_163' title='bbox 589 3073 676 3133; x_wconf 89' lang='lat' dir='ltr'><strong>quam</strong></span> <span class='ocrx_word' id='word_1_164' title='bbox 691 3054 769 3116; x_wconf 93' lang='lat' dir='ltr'><strong>bello</strong></span> <span class='ocrx_word' id='word_1_165' title='bbox 784 3055 851 3116; x_wconf 90' lang='lat' dir='ltr'><strong>tulit</strong></span> 
     </span>
     <span class='ocr_line' id='line_1_30' title="bbox 190 3138 848 3218; baseline 0.006 -22"><span class='ocrx_word' id='word_1_166' title='bbox 190 3145 362 3216; x_wconf 85' lang='lat' dir='ltr'><strong>remeatque</strong></span> <span class='ocrx_word' id='word_1_167' title='bbox 378 3139 455 3198; x_wconf 91' lang='lat' dir='ltr'><strong>uioto</strong></span> <span class='ocrx_word' id='word_1_168' title='bbox 471 3138 574 3200; x_wconf 90' lang='lat' dir='ltr'><strong>similis</strong></span> <span class='ocrx_word' id='word_1_169' title='bbox 590 3141 711 3218; x_wconf 84' lang='lat' dir='ltr'><strong>exiguas</strong></span> <span class='ocrx_word' id='word_1_170' title='bbox 726 3140 848 3201; x_wconf 90' lang='lat' dir='ltr'><strong>trahens</strong></span> 
     </span>
     <span class='ocr_line' id='line_1_31' title="bbox 189 3219 833 3300; baseline 0.008 -21"><span class='ocrx_word' id='word_1_171' title='bbox 189 3219 362 3300; x_wconf 85' lang='lat' dir='ltr'><strong>lacerasque</strong></span> <span class='ocrx_word' id='word_1_172' title='bbox 378 3223 473 3281; x_wconf 85' lang='lat' dir='ltr'><strong>uictor</strong></span> <span class='ocrx_word' id='word_1_173' title='bbox 488 3222 582 3285; x_wconf 85' lang='lat' dir='ltr'><strong>classe</strong></span> <span class='ocrx_word' id='word_1_174' title='bbox 598 3224 635 3284; x_wconf 89' lang='lat' dir='ltr'><strong>de</strong></span> <span class='ocrx_word' id='word_1_175' title='bbox 651 3232 730 3285; x_wconf 91' lang='lat' dir='ltr'><strong>tanta</strong></span> <span class='ocrx_word' id='word_1_176' title='bbox 746 3231 833 3286; x_wconf 87' lang='lat' dir='ltr'><strong>rates.</strong></span> 
     </span>
    </p>
   </div>
   <div class='ocr_carea' id='block_1_5' title="bbox 317 1289 991 1344">
    <p class='ocr_par' dir='ltr' id='par_1_9' title="bbox 317 1289 1252 2745">
     <span class='ocr_line' id='line_1_32' title="bbox 317 1289 991 1344; baseline 0.009 -9"><span class='ocrx_word' id='word_1_177' title='bbox 317 1289 531 1338; x_wconf 79' lang='lat' dir='ltr'>EVRYBATES.</span> <span class='ocrx_word' id='word_1_178' title='bbox 557 1291 820 1339; x_wconf 69' lang='lat' dir='ltr'><strong>cmmnnsrnn.</strong></span> <span class='ocrx_word' id='word_1_179' title='bbox 846 1291 991 1344; x_wconf 81' lang='lat' dir='ltr'>CHORVS.</span> 
     </span>
    </p>
   </div>
   <div class='ocr_carea' id='block_1_6' title="bbox 189 3421 1106 3559">
    <p class='ocr_par' dir='ltr' id='par_1_10' title="bbox 189 3421 1106 3559">
     <span class='ocr_line' id='line_1_33' title="bbox 255 3421 1106 3494; baseline 0.014 -24"><span class='ocrx_word' id='word_1_180' title='bbox 255 3423 306 3472; x_wconf 84' lang='lat'><strong>406</strong></span> <span class='ocrx_word' id='word_1_181' title='bbox 325 3421 416 3472; x_wconf 62' lang='lat' dir='ltr'><strong>‘caedo</strong></span> <span class='ocrx_word' id='word_1_182' title='bbox 440 3422 465 3470; x_wconf 83' lang='lat' dir='ltr'><em>E</em></span> <span class='ocrx_word' id='word_1_183' title='bbox 495 3439 565 3489; x_wconf 85' lang='lat' dir='ltr'><strong>oape</strong></span> <span class='ocrx_word' id='word_1_184' title='bbox 589 3427 613 3475; x_wconf 83' lang='lat' dir='ltr'><em>A</em></span> <span class='ocrx_word' id='word_1_185' title='bbox 643 3421 656 3492; x_wconf 81' lang='lat' dir='ltr'><strong>ll</strong></span> <span class='ocrx_word' id='word_1_186' title='bbox 683 3421 734 3478; x_wconf 63' lang='lat'><strong>4&#39;10</strong></span> <span class='ocrx_word' id='word_1_187' title='bbox 756 3428 849 3480; x_wconf 82' lang='lat' dir='ltr'><strong>ferens</strong></span> <span class='ocrx_word' id='word_1_188' title='bbox 871 3429 897 3477; x_wconf 82' lang='lat' dir='ltr'><em>E</em></span> <span class='ocrx_word' id='word_1_189' title='bbox 926 3443 1027 3494; x_wconf 85' lang='lat' dir='ltr'><strong>gerens</strong></span> <span class='ocrx_word' id='word_1_190' title='bbox 1045 3431 1070 3481; x_wconf 78' lang='lat' dir='ltr'><em>A</em></span> <span class='ocrx_word' id='word_1_191' title='bbox 1090 3431 1106 3494; x_wconf 79' lang='lat' dir='ltr'><strong>ll</strong></span> 
     </span>
     <span class='ocr_line' id='line_1_34' title="bbox 189 3487 602 3559; baseline 0.007 -21"><span class='ocrx_word' id='word_1_192' title='bbox 189 3487 333 3540; x_wconf 80' lang='lat' dir='ltr'>OHORVS</span> <span class='ocrx_word' id='word_1_193' title='bbox 352 3490 412 3541; x_wconf 85' lang='lat' dir='ltr'><strong><em>add.</em></strong></span> <span class='ocrx_word' id='word_1_194' title='bbox 431 3489 456 3536; x_wconf 84' lang='grc' dir='ltr'><em>Ε</em></span> <span class='ocrx_word' id='word_1_195' title='bbox 474 3505 521 3543; x_wconf 87' lang='lat' dir='ltr'><strong>om.</strong></span> <span class='ocrx_word' id='word_1_196' title='bbox 540 3493 564 3540; x_wconf 83' lang='lat' dir='ltr'><em>A</em></span> <span class='ocrx_word' id='word_1_197' title='bbox 588 3489 602 3559; x_wconf 75' lang='lat' dir='ltr'><strong>ll</strong></span> 
     </span>
    </p>
   </div>
   <div class='ocr_carea' id='block_1_7' title="bbox 0 0 1280 3917">
    <p class='ocr_par' dir='ltr' id='par_1_11' title="bbox 0 0 1280 3917">
     <span class='ocr_line' id='line_1_35' title="bbox 0 0 1280 3917; baseline 0 4"><span class='ocrx_word' id='word_1_198' title='bbox 0 0 1280 3917; x_wconf 95' lang='lat' dir='ltr'><strong> </strong></span> 
     </span>
    </p>
   </div>
  </div>
 </body>
</html>
