2550 3917
210 194 275 258 474
594 206 736 254 rucnurr

211 362 314 409 nuno,
332 366 369 407 au
385 350 479 426 patiar
495 346 572 406 ultra
588 347 762 424 sanguinem
778 354 912 406 nostrum
930 350 990 425 peti

211 436 324 493 inultus
341 440 368 493 et
384 439 570 510 contemptus
585 438 618 491 ut
633 430 731 491 subito
748 432 917 510 opprimar?

212 517 298 578 exilia
315 536 374 578 non
391 518 507 595 fregere
522 524 686 578 summotos
702 514 806 594 procui

211 603 347 664 Plautum
364 610 451 681 atque
467 600 567 662 Siliam
583 602 718 680 pertinax
734 619 859 679 quorum
878 600 961 661 furor

211 695 307 747 armat
323 690 474 747 ministros
489 686 610 747 sceleris
624 688 655 747 iu
671 686 791 745 eaedem
809 704 913 745 meam.

210 773 377 833 absentium
394 791 461 832 oum
477 778 594 832 maneat
609 772 697 832 etiam
713 772 818 847 ingens
834 770 918 831 fauor

212 859 240 916 in
258 858 332 917 urbe
348 865 449 917 nostra
466 859 516 935 qui
531 857 615 917 fouet
630 873 698 933 spes
714 855 848 923 exulum,

211 941 352 1001 tollantur
366 942 468 1002 hostes
483 959 553 1002 ense
568 942 698 1020 suspecti
713 940 795 1000 mitri.

210 1028 305 1086 inuisa
322 1027 451 1087 ooniunx
467 1036 570 1105 pereat
585 1034 615 1086 et
630 1044 733 1085 carum
749 1024 815 1084 sthi·

210 1112 333 1171 tratrem
349 1120 500 1188 sequatur.
531 1111 670 1189 quioquid
686 1109 835 1170 excelsum
852 1118 896 1169 est
912 1108 1004 1169 cadat.

210 1209 286 1256 snm
303 1196 438 1275 pulcrum
456 1198 586 1256 eminere
602 1204 647 1255 est
661 1197 738 1255 iuter
753 1194 882 1255 illustres
897 1196 993 1263 uiros,

209 1281 366 1342 consulere
381 1282 495 1359 patriae
511 1298 634 1357 paruere
651 1279 765 1339 atssiotis
782 1281 843 1339 iera

209 1366 300 1425 caede
317 1366 465 1426 abstinere
482 1375 598 1441 tempus
613 1373 701 1443 atque
717 1367 779 1424 irae
795 1365 865 1425 dare

210 1450 277 1509 orbi
293 1452 420 1529 quietem
437 1450 556 1510 saeculo
572 1468 675 1528 paoem
693 1467 757 1509 suo.

211 1536 284 1595 haec
300 1554 414 1596 summa
431 1536 539 1605 uirtus,
557 1536 667 1612 petitur
683 1534 738 1593 hac
754 1533 868 1593 caelum
885 1536 941 1593 uia.
1032 1568 1034 1571 -

209 1622 252 1679 sio
267 1620 316 1680 ille
332 1622 445 1698 patriae
460 1621 574 1697 primus
588 1621 737 1696 Augustus
753 1637 861 1697 parens

209 1705 382 1783 complexus
398 1714 475 1765 astra
493 1713 538 1765 est
553 1703 661 1764 colitur
678 1710 706 1763 et
720 1703 839 1781 templis
855 1704 935 1765 (leus.

197 1789 292 1870 ilium
309 1798 407 1849 tamen
424 1791 541 1849 fortuna
558 1789 677 1849 iactauit
693 1789 742 1847 diu

210 1882 289 1933 terra
307 1876 439 1953 marique
456 1892 509 1951 per
525 1891 632 1949 graues
647 1871 717 1933 belli
735 1876 829 1940 uices,

209 1959 310 2019 hostes
325 1960 456 2036 parentis
472 1958 566 2018 donee
581 1962 729 2036 oppressit
746 1959 800 2015 sui.

209 2043 261 2104 tibi
276 2062 386 2103 numen
404 2045 557 2102 incruenta
574 2044 720 2103 summisit
735 2060 820 2101 suum

210 2135 240 2187 et
255 2128 336 2188 dedit
351 2127 483 2188 habenas
497 2128 603 2205 imperi
619 2126 698 2187 facili
715 2144 803 2185 manu

209 2223 341 2288 nutuque
357 2221 453 2272 terras
470 2215 559 2272 maria
576 2212 703 2271 subiecit
717 2220 776 2271 tuo.

209 2298 319 2355 inuidia
335 2298 427 2357 tristis
443 2299 518 2357 uicta
536 2314 682 2357 consensu
700 2298 756 2373 pio.

209 2502 315 2563 nuptu.
330 2500 492 2565 despectus?
511 2497 577 2564 (scit.
592 2497 753 2563 consensus)
772 2500 844 2547 ensis
858 2498 907 2548 Bo.
928 2503 1124 2551 consensus?

209 2569 284 2618 ensis
296 2569 388 2620 ultr.
402 2565 413 2634 Η
427 2569 521 2617 faciet.
534 2568 596 2617 Hoc
607 2565 787 2629 (ousiarum
796 2570 830 2615 13
843 2562 853 2632 Η
865 2568 916 2617 474
929 2569 971 2619 SE
987 2586 1022 2619 an
1035 2572 1124 2633 patiar

208 2637 273 2685 313
285 2631 296 2702 Η
308 2635 380 2685 ultro
392 2637 413 2686 0
424 2633 435 2702 Η
452 2637 502 2686 475
514 2636 635 2685 inuictus
651 2637 736 2685 nostri
746 2637 847 2685 codices
864 2642 890 2684 et
903 2638 968 2690 Palt.
992 2639 1094 2687 inuitus
1108 2654 1124 2686 α

207 2705 316 2753 inuisus
329 2711 354 2752 et
366 2705 470 2753 inuitus
482 2707 509 2753 io
520 2720 578 2755 mss.
591 2719 619 2753 se
632 2706 723 2767 lepisse
736 2704 997 2755 testaturt'atrtetos.
1014 2705 1123 2755 inultus

207 2772 353 2835 unapou.
367 2774 401 2836 ef.
408 2772 481 2824 Med.
494 2774 544 2821 399
556 2769 567 2837 Η
581 2776 727 2821 contentus
741 2772 804 2821 313
816 2764 828 2836 Η
841 2773 979 2836 opprimar
992 2775 1016 2823 A
1037 2765 1124 2839 opmit

208 2837 307 2902 (ultima
324 2842 400 2889 litera
415 2848 498 2890 utrum
514 2844 527 2889 t
543 2844 577 2889 stt
593 2857 627 2888 an
644 2855 658 2887 r
674 2854 724 2889 aon
740 2842 804 2889 satis
821 2838 954 2903 adparet.)
973 2842 1037 2892 313
1049 2840 1060 2906 Η
1077 2844 1124 2891 476

208 2923 264 2957 non
276 2908 301 2957 A
320 2908 367 2957 uix
389 2910 412 2958 V
428 2904 439 2972 Η
455 2910 504 2957 477
525 2922 639 2970 quorum
652 2910 781 2971 pertinax
800 2902 841 2973 ΟΗ
857 2908 907 2958 479
926 2909 1083 2959 absentium
1102 2910 1122 2957 A

209 2976 354 3025 absentum
368 2976 492 3025 031213
505 2973 516 3041 Η
527 2977 578 3025 480
592 2975 656 3039 quid
671 2976 743 3025 foret
755 2975 817 3024 313
828 2972 836 3039 Η
845 2977 893 3026 481
905 2976 1069 3041 tollerentur
1086 2979 1123 3038 Vp

208 3046 338 3108 suspensi
349 3044 411 3093 312
433 3040 436 3108 Η
452 3046 503 3093 482
520 3045 617 3093 innixa
634 3044 698 3093 313
711 3039 722 3108 Η
735 3047 765 3091 ut
783 3057 877 3092 earum
890 3060 909 3092 oc
928 3049 956 3093 et
974 3036 1067 3094 'carum
1086 3042 1124 3109 ωΗ

206 3112 258 3161 484
276 3112 324 3162 Nn
343 3106 422 3174 3131
442 3116 486 3160 est
503 3112 623 3161 eminere
643 3112 705 3161 313
725 3111 845 3161 eminere
865 3116 907 3161 est
925 3113 950 3162 A
963 3110 974 3178 Η
990 3113 1040 3163 487
1059 3112 1124 3163 Vrbi

208 3179 273 3229 313
285 3176 297 3245 Η
307 3182 357 3229 491
376 3179 433 3244 NE.
445 3179 524 3229 illum
540 3180 568 3228 V
575 3176 586 3245 Η
598 3182 649 3229 492
662 3175 768 3240 'Pderra
782 3180 844 3229 313
857 3176 868 3245 Η
880 3182 930 3229 493
947 3180 1043 3231 hostes
1056 3197 1123 3232 corr.

208 3262 244 3295 ex
260 3248 370 3297 hostem
391 3243 432 3313 ΟΗ
444 3248 582 3312 oppressit
600 3249 643 3296 sui
661 3248 686 3297 A
706 3248 841 3310 adpressit
859 3247 899 3312 tui
918 3250 962 3297 sui
979 3249 1041 3298 312
1053 3247 1065 3314 Η
1077 3250 1124 3298 494

203 3314 256 3381 SE.
277 3316 328 3364 tibi
350 3316 375 3364 V
384 3311 397 3381 Η]
407 3316 555 3419 incruentls
574 3316 765 3421 Abipepuenta
784 3314 896 3365 fortuna
915 3317 980 3365 312
993 3312 1004 3380 Η
1017 3318 1124 3367 summi-

548 3411 553 3421 .
568 3392 595 3419 su
611 3391 660 3419 mist

208 3434 246 3482 sit
264 3435 288 3482 A
307 3434 434 3483 submisit
453 3435 513 3482 312
526 3435 551 3482 B
569 3436 686 3497 sumpsit
703 3434 724 3483 Ο
743 3435 850 3483 sumisit
867 3435 931 3485 313
947 3430 958 3500 Η
976 3450 1019 3485 sur
1036 3436 1100 3485 313
1117 3431 1124 3497 Η

207 3502 258 3549 496
277 3504 399 3562 nutuque
417 3502 442 3549 A
461 3502 594 3564 nutuique
617 3501 673 3550 Vn
680 3504 754 3551 1213
777 3497 789 3566 Η
