2550 3917
177 183 241 248 308
460 197 490 248 u.
509 197 643 246 nunant
659 197 816 245 sunnone

143 346 156 396 f
221 337 315 409 Quem
331 339 401 398 mihi
419 337 490 400 caeli
507 337 557 416 qui
573 337 650 400 furta
666 335 720 397 luit

177 428 294 486 uiscera
310 424 386 493 feto,

80 565 84 574 .
179 509 446 571 deditetdoeuit
462 537 602 552 ·····
622 541 659 550 -

179 593 310 655 condere
325 595 406 654 uires
422 600 485 652 arte
500 591 760 654 Prometheus,

145 676 166 736 ἴ
221 677 331 739 Dedit
346 685 376 738 et
391 677 472 738 tenui
487 673 600 737 sulfure
615 682 709 736 tectos

178 761 478 840 MulciberigneS,

179 855 208 908 et
223 848 336 908 uiuacis
352 845 469 924 fulgura
484 844 620 904 flammae

179 931 215 992 de
231 938 357 1009 cognato
373 928 558 990 Phaethonte
568 926 641 1000 tuli,

96 1068 100 1076 .
144 1016 177 1076 e“
221 1014 495 1075 Habeoflammas

179 1106 244 1160 usto
261 1101 337 1160 tauri
353 1107 474 1176 gutture
489 1104 604 1176 raptas,

178 1181 295 1245 habeo
311 1183 425 1245 mediae
442 1182 518 1243 dona
534 1181 709 1246 Chimaerae

179 1285 254 1346 quae
268 1269 415 1347 permixte
432 1264 499 1327 selle
514 1266 653 1328 Medusae

178 1352 300 1413 tacitum
316 1353 387 1414 iussi
402 1368 524 1413 seruare
539 1349 658 1411 maium.

144 1436 171 1496 b'
223 1437 305 1518 Adde
321 1437 446 1497 uenenis

179 1521 313 1581 stimulos
329 1520 469 1582 Hecate
485 1519 629 1597 donisque
645 1519 718 1579 meis

179 1606 293 1664 semina
308 1604 445 1665 flammae
461 1604 578 1665 condita
594 1622 681 1665 senua

179 1687 282 1749 saliant
298 1690 379 1749 uisus
395 1692 549 1766 tactusque
566 1687 663 1748 ierant

179 1779 258 1834 meet
272 1775 303 1833 in
320 1779 423 1850 pectus
439 1789 589 1850 uenasque
606 1772 699 1839 calor,

146 1856 171 1916 α’
224 1856 340 1917 Stillent
356 1865 437 1918 artus
453 1874 577 1934 ossaque
594 1856 708 1916 sument

180 1943 337 2020 uineatque
353 1957 422 2001 suas

180 2024 425 2102 flagrante'uama
442 2042 519 2085 naua
536 2031 625 2104 nupta
641 2025 730 2086 faces.

179 2116 249 2168 uota
266 2116 422 2170 tenentur:
446 2115 492 2168 ter
506 2107 630 2169 latratus

180 2193 275 2254 audax
290 2193 431 2255 Hecate
447 2192 528 2253 dedit
543 2202 572 2252 et
586 2209 690 2254 saeros

181 2277 271 2338 edidit
286 2279 370 2355 ignes
386 2278 450 2337 face
466 2275 610 2338 luctifera.

224 2446 347 2506 Peracta
363 2447 408 2505 uis
425 2453 468 2506 est
484 2447 594 2505 omnis:
617 2445 677 2506 huc
692 2451 795 2524 gnatos
810 2463 900 2514 unca,

180 2530 312 2608 pretiosa
327 2547 382 2608 per
399 2547 474 2609 quos
489 2529 564 2590 dona
580 2529 705 2591 nubenti
721 2531 808 2592 senas

181 2615 222 2673 ite
238 2613 277 2674 ite
292 2615 353 2674 nati
368 2615 469 2688 matris
485 2613 630 2675 infaustae
645 2630 740 2690 genus

180 2697 297 2776 placate
312 2697 400 2759 uubis
415 2717 540 2760 munere
556 2705 585 2759 et
599 2697 691 2760 multa
706 2717 797 2779 prece

182 2782 332 2843 dominam
348 2801 383 2843 ae
398 2800 567 2844 nouercam
599 2782 698 2845 uadite
713 2789 743 2844 et
758 2782 870 2844 celares
886 2781 1007 2843 domum

181 2866 292 2929 referte
307 2884 444 2943 gressus·
469 2867 572 2930 ultimo
588 2866 727 2946 amplexu
742 2874 773 2928 ut
789 2866 880 2928 fruar.

992 2964 1010 2996 0

954 3036 956 3040 '
980 3041 998 3071 0

182 3070 381 3079 ————-—-——-

249 3204 299 3255 829
319 3207 407 3253 artem
425 3205 450 3255 A
469 3207 530 3254 arte
549 3204 575 3253 E
602 3200 614 3268 11
643 3204 694 3255 830
712 3208 742 3254 at
760 3204 850 3254 tenuit
867 3204 893 3254 A
912 3208 939 3255 et
956 3203 1036 3254 tenui
1053 3215 1068 3254 ε
1088 3203 1101 3267 ΙΙ

83 3307 89 3318 .
181 3272 232 3322 835
249 3270 340 3322 habeo
359 3270 470 3322 mediae
489 3271 561 3323 dona
581 3269 746 3323 Chimaerae
765 3269 916 3336 (elymerae
928 3271 965 3334 E)
985 3270 989 3336 Ι
1010 3271 1102 3322 habeo

181 3339 315 3389 flammae.
330 3342 391 3388 nato
405 3339 493 3390 Tauri
506 3337 510 3402 Ι
525 3343 635 3404 gutture
654 3344 772 3404 raptas·
787 3354 856 3403 quaa
874 3339 1009 3404 permixta
1028 3337 1103 3404 (per-

181 3406 263 3456 misto
286 3405 328 3468 A)
346 3423 367 3456 ω
398 3409 512 3458 ordinem
535 3409 660 3464 restituit.
684 3422 760 3471 quae
779 3405 933 3471 (838Jaera
951 3410 985 3457 ait
1002 3405 1067 3457 n..P
1087 3406 1101 3470 ΙΙ

180 3471 232 3521 845
250 3472 339 3523 stillet
356 3469 465 3538 ΕΙΙΒὸΟ
482 3472 602 3525 lucifera
620 3470 731 3540 Elisus
749 3479 778 3526 et
795 3475 820 3524 A
840 3489 873 3524 ae
880 3423 951 3540 Εῆ
