2550 3917
192 187 234 249 98
474 182 828 247 audacissimus

192 351 271 398 Aru.
300 337 406 399 sceieri
422 338 530 399 modus
546 336 682 406 debetur,
693 412 696 420 V
707 346 740 399 ut
754 338 844 398 iacias
860 328 967 408 sc‘eius,
1046 332 1048 335 ’

192 441 252 484 nun
270 421 323 483 ubi
336 439 475 503 reponas.
503 422 561 484 hcc
577 439 696 502 quoque
712 424 850 501 exiguum
867 431 911 483 est
926 422 1007 483 mihi.

157 619 173 653 e
234 592 278 652 Ex
295 590 419 653 uulnere
434 593 500 670 ipso
515 593 690 670 sauguinem
706 590 834 653 calidum
848 594 878 653 in
893 598 942 652 tua

191 676 355 737 detundere
370 694 422 737 cra
439 675 543 737 debui:
561 684 593 737 ut
608 677 774 737 uiuentium
795 700 797 703 ·

190 760 311 821 hiberes
327 778 476 821 cruorem.
503 759 595 821 uerba
612 767 682 821 suut
696 762 758 823 irae
774 760 841 821 data

191 846 260 905 dum
276 863 422 923 propero:
439 845 520 906 ierrc
536 844 659 907 uulnera
676 846 812 925 inpressu
829 844 906 915 dedi,

193 930 286 990 cecidi
301 930 337 990 ad
353 948 429 1001 aras
446 929 536 990 caede
551 931 652 991 uotiua
669 929 751 991 iocus

191 1013 306 1091 placaui
322 1023 351 1074 et
365 1022 448 1075 artus
464 1030 591 1092 corpure
607 1016 745 1075 exanimo
761 1020 918 1090 amputans

188 1101 220 1158 in
234 1117 329 1178 parua
346 1101 444 1177 carpsi
460 1098 553 1161 frusta
568 1107 598 1161 ct
611 1099 686 1161 haec
703 1097 888 1159 icruentibus

190 1184 319 1245 demersi
335 1186 426 1245 aenis.
471 1220 485 1238 ι

149 1272 176 1331 e'
258 1290 262 1298 ’
461 1266 513 1329 lila
528 1267 616 1327 lentis
630 1267 750 1344 ignibus

188 1350 324 1413 stillare
316 1353 402 1422 russi,
417 1351 552 1414 membra
566 1370 737 1432 neruosquc
752 1350 864 1413 abscidi

187 1435 359 1498 uiuentibus
374 1435 537 1516 gracilique
551 1438 689 1498 traiectas
705 1454 780 1497 ueru

186 1522 304 1600 mugire
318 1520 409 1582 fibras
425 1521 486 1582 uidi
501 1530 532 1583 ct
544 1522 662 1602 aggessi
677 1538 766 1581 mauu

186 1623 253 1667 mea
269 1607 332 1684 ipse
347 1605 490 1668 dammas.
517 1606 706 1667 omnia-haec
723 1604 826 1667 melius
842 1612 926 1685 pater

186 1691 292 1751 iecisse
307 1692 416 1768 potuit,
433 1690 540 1752 cecidit
554 1692 585 1750 iu
600 1706 717 1751 cassum
732 1687 832 1753 dolor:

187 1775 276 1836 scidit
290 1792 342 1836 cre
358 1782 443 1835 natos
457 1776 555 1853 inpio,
572 1774 625 1835 sed
642 1775 785 1844 nesciens,

187 1858 238 1919 sed
256 1861 433 1920 nescientes.

151 1973 171 2023 g
231 1956 312 2006 unu.
517 1940 622 2004 Clausa
637 1941 774 2004 litoribus
788 1946 872 2023 uagis

188 2028 287 2089 audite
303 2029 406 2088 maria.
435 2044 489 2089 uos
504 2044 622 2106 quaque
638 2026 736 2090 audite
752 2028 810 2091 huc
825 2026 922 2091 scelus

186 2129 374 2191 quocumque
390 2112 420 2171 di
434 2112 556 2189 fugistis.
580 2112 679 2174 audite
694 2112 797 2184 inieri„
864 2188 866 2193 Ι

185 2195 283 2257 audite
299 2203 398 2257 terrac
413 2214 531 2274 noxque
547 2203 676 2256 tartarea
692 2199 791 2275 grauis

186 2289 214 2341 et
230 2288 294 2341 atra
310 2279 390 2342 nube
405 2280 529 2342 uocibus
545 2282 655 2341 uostris
671 2299 753 2341 uaca.

184 2367 236 2425 tibi
252 2382 318 2425 sum
334 2364 469 2434 relictus,
486 2364 549 2426 sola
563 2373 596 2424 tu
611 2367 753 2426 miserum
768 2366 861 2435 uides,

183 2457 215 2510 tu
231 2467 350 2529 quoquc
365 2452 429 2510 siue
444 2450 540 2511 astris.
568 2456 638 2510 uota
653 2467 712 2509 nou
729 2448 836 2511 iaciam
850 2448 991 2528 inproba:

183 2552 239 2613 pro
256 2552 303 2595 rue
318 2533 391 2595 nihil
406 2534 568 2612 precabor:
585 2532 691 2612 ecquid
706 2535 764 2595 iam
780 2542 879 2612 potest

185 2636 241 2696 pru
253 2638 301 2680 me
317 2620 401 2681 esse?
421 2619 508 2681 uubis
524 2628 591 2679 uota
607 2619 790 2697 prospicient
804 2636 880 2681 urea.

142 2710 167 2784 g'
226 2703 270 2764 Tu
286 2722 401 2765 summe
417 2703 490 2764 caeli
505 2709 605 2764 rector
620 2702 770 2763 aetheriae
788 2712 894 2782 puteus

184 2787 350 2849 dominator
365 2787 449 2850 aulae
464 2786 594 2848 nubibus
609 2793 703 2848 totum
718 2787 848 2848 horridis

182 2872 328 2934 couuciue
343 2872 502 2941 muudum,
519 2870 596 2931 bella
613 2877 771 2933 uenturum
786 2872 918 2950 undiquc

181 2959 321 3018 conmitte
337 2965 367 3017 et
381 2958 462 3017 omui
476 2963 560 3033 parte
575 2955 741 3016 uiolentum
756 2957 856 3017 intona

181 3058 330 3119 manuque
345 3058 405 3100 non
423 3058 480 3119 qua
496 3047 573 3100 tecta
589 3047 619 3101 et
633 3041 784 3101 inmeritas
800 3040 905 3101 domos
1118 3047 1186 3098 1085

249 3194 315 3244 1056
332 3192 382 3244 ubi
394 3209 415 3243 ω
433 3196 469 3242 ut
487 3193 519 3243 ci
535 3191 690 3242 L.Muetler.
709 3193 758 3243 ubi
771 3196 866 3243 taxas
879 3194 911 3243 ci.
925 3192 994 3244 R..P
1008 3190 1099 3261 {11057

178 3266 293 3312 lacunam
305 3262 377 3310 unius
389 3278 414 3311 ιι
427 3262 507 3311 statui
516 3254 528 3325 ΙΙ
541 3261 607 3311 1050
619 3258 774 3311 diffundere
788 3260 812 3311 A
832 3260 888 3311 def
903 3256 949 3327 ΕΗ
963 3262 1029 3313 1007
1042 3268 1099 3313 tra

178 3330 252 3381 iecto
264 3330 290 3379 Α
303 3330 437 3379 traiectas
456 3324 571 3395 ε111072
588 3334 648 3391 post
668 3327 766 3378 clausa
783 3345 834 3378 una
853 3330 928 3379 litera
947 3328 1001 3395 (οἳ)
1020 3345 1098 3381 erasa

178 3396 205 3445 E
227 3394 238 3463 ΙΙ
262 3398 327 3448 1013
344 3411 450 3463 uosque
463 3325 500 3459 dij
514 3396 539 3444 A
557 3409 608 3444 uos
621 3409 729 3460 quoque
742 3392 802 3462 E}
789 3392 802 3462 Η
826 3398 891 3447 1074
903 3394 982 3462 difug
983 3398 1046 3447 istis
1058 3398 1100 3447 uel

179 3463 328 3529 diffugistiu
341 3464 388 3515 Αε
407 3464 446 3513 dii
464 3464 521 3529 fug
536 3463 613 3512 Gran
636 3458 649 3527 ΙΙ
673 3464 739 3513 1079
758 3463 865 3528 etquid
883 3480 905 3514 ω
923 3463 1021 3531 ecquid
1040 3480 1058 3513 α
1074 3463 1087 3529 ΙΙ
