2550 3917
514 182 682 230 Pntnnnn

98 318 132 376 a'''
182 319 276 396 Sagen
292 327 451 397 parentum
467 326 511 379 est
526 339 606 381 cura.
638 319 794 381 credamus
811 330 907 382 tamen

142 411 203 464 astu
219 403 348 482 doloque
365 411 465 482 tegere
480 422 534 464 nos
548 414 662 466 tantum
679 405 777 465 nelas:

139 488 205 566 quid
222 487 271 548 ille
285 487 377 548 rebus
393 487 492 550 lumen
508 489 666 550 infundens
682 507 768 550 suurn

137 574 237 632 matris
253 573 382 649 parcns?
404 573 474 652 quid
489 572 539 633 ille
555 576 605 652 qui
620 573 763 634 mundum
780 578 874 652 qualit

137 657 258 717 uibrans
274 675 400 717 corusca
416 656 527 718 lulmen
542 667 697 719 aetnaeum
714 676 803 719 mann

137 748 216 801 sator
232 741 382 803 deorum?
406 742 503 803 credis
518 743 575 802 hoc
590 761 678 821 posse
695 743 774 803 effici

138 828 216 887 inter
232 826 368 886 uidentes
384 828 482 887 omnia
496 837 529 887 ut
543 826 637 888 lateas
653 827 738 889 auos?

115 919 127 968 f
178 910 236 970 Sed
253 919 286 970 ut
300 911 448 970 secundus
463 912 617 972 numinum
634 911 796 973 abscondat
812 912 896 972 lauor
997 927 1042 969 ru.
1057 925 1154 970 nxvnu

139 995 231 1054 coitus
246 995 391 1056 nefandos
407 1003 497 1074 utque
513 998 665 1076 contingat
679 1005 783 1074 stupro
1073 1013 1121 1061 165

137 1087 241 1155 negata
259 1080 374 1158 magnis
388 1079 552 1141 sceleribus
567 1099 687 1158 semper
702 1082 790 1142 fides:
870 1133 872 1138 .

138 1164 205 1242 quid
221 1181 317 1241 poena
333 1182 475 1242 praesens
490 1167 627 1226 conscius
643 1167 750 1226 mentis
764 1183 859 1243 pauor

136 1250 313 1327 animusque
328 1247 413 1327 culpa
429 1248 535 1325 plenus
551 1257 580 1310 et
594 1258 689 1311 semet
705 1250 829 1310 timens?

137 1333 233 1393 scelus
249 1332 346 1411 aliqua
362 1340 474 1402 tntum,
492 1333 570 1394 nulla
587 1351 724 1395 securum
741 1333 815 1396 tulit.

107 1417 129 1473 f'
180 1417 333 1495 conpesce
349 1419 457 1478 amoris
471 1421 544 1495 inpii
559 1417 694 1479 flammas
710 1436 817 1496 precor

139 1503 282 1581 nefasque
298 1503 375 1579 quod
393 1520 451 1562 non
467 1502 527 1563 nlla
542 1502 630 1564 tellus
646 1502 774 1564 barbara

138 1588 275 1647 conmisit
290 1605 430 1663 umquam
446 1605 507 1646 non
522 1589 590 1664 uagi
606 1589 719 1666 campis
734 1588 826 1650 Getae

137 1688 191 1731 nec
206 1670 391 1748 inhospitalis
406 1671 522 1733 Taurus
537 1682 589 1731 aut
602 1689 724 1750 sparsus
740 1672 873 1752 Scythes,

138 1754 251 1832 expelle
266 1755 381 1816 lacinus
395 1765 494 1816 mente
508 1758 637 1816 castilica
654 1757 807 1818 horridum

137 1857 311 1917 memorque
326 1842 429 1900 matris
443 1849 542 1901 metue
558 1840 734 1902 concubitus
749 1858 854 1902 nouos.

104 1921 129 1979 t'
180 1924 307 1984 Miscere
322 1924 469 1985 thalamos
482 1926 574 2004 patris
590 1935 620 1985 et
633 1927 714 2002 gnati
729 1943 857 2004 apparas

136 2016 281 2087 uteroque
297 2007 412 2086 prolem
428 2027 535 2087 capere
551 2008 705 2070 conlusam
722 2011 821 2088 inpio?

135 2110 227 2170 perge
243 2100 273 2152 et
289 2092 423 2153 nefandis
439 2101 523 2154 uerte
536 2100 672 2154 naturam
688 2093 816 2171 ignibus.

136 2195 189 2236 cnr
205 2185 337 2236 monstra
353 2177 487 2237 cessant?
509 2176 574 2238 aula
590 2196 645 2238 cun
661 2178 761 2238 fratris
777 2179 880 2240 uacat?

136 2260 268 2339 prodigia
284 2263 393 2322 totiens
408 2261 490 2322 orbis
504 2264 618 2322 insueta
633 2263 747 2331 audiet.

136 2352 239 2406 natura
257 2347 366 2406 totiens
379 2345 496 2423 legibus
511 2345 597 2406 cedet
610 2349 686 2414 suis,

137 2432 272 2508 quotiens
288 2429 398 2491 amabil
414 2429 535 2491 Cressa?

111 2535 127 2586 g
177 2527 234 2574 ΡΗ.
563 2534 639 2594 quae
656 2534 803 2578 memoras
819 2518 881 2577 scio

136 2617 207 2659 uera
223 2616 288 2659 esse
304 2600 419 2666 nutrix,
444 2599 494 2659 sed
514 2595 598 2660 lu'ror
614 2602 693 2677 cogit
708 2604 792 2681 sequi

137 2685 248 2760 peiora.
279 2682 361 2743 uadit
376 2685 492 2744 animus
507 2685 536 2744 in
553 2701 696 2763 praeceps
712 2688 807 2746 sciens

137 2775 308 2846 remeatque
322 2767 431 2827 frustra
448 2785 518 2827 sana
536 2769 657 2829 consilia
673 2777 825 2848 appetens.

137 2853 178 2912 sie
193 2870 261 2911 curn
278 2859 431 2928 granatam
448 2855 545 2912 nauita
563 2854 687 2914 aduersa
704 2864 797 2915 ratern

138 2935 275 3014 propellit
291 2936 384 3003 unda,
400 2936 479 2996 cedit
493 2939 523 2996 in
540 2955 649 2998 uanum
666 2937 750 2998 labor

204 3190 254 3240 160
271 3189 338 3254 quid
354 3189 405 3240 ille
423 3189 488 3255 quid
505 3189 553 3241 ille
572 3190 597 3239 E
608 3187 620 3255 ΙΙ
633 3192 681 3241 167
696 3194 826 3243 consciae
839 3195 930 3243 noctis
943 3194 967 3243 Α
988 3210 1052 3244 ecn—

138 3257 212 3307 sciae
230 3258 333 3306 mentis
349 3265 373 3321 ψ
393 3259 520 3307 conscius
538 3259 638 3308 mentis
651 3259 740 3310 Enna
751 3257 763 3326 ΙΙ
776 3263 824 3311 172
842 3276 930 3326 uagus
948 3263 1055 3327 campis

138 3329 201 3387 geta
218 3326 243 3375 A
262 3326 329 3389 uagi
340 3327 444 3390 campis
455 3330 539 3390 getae
556 3326 606 3376 ER
622 3329 698 3379 Voss.
716 3329 836 3392 (eampis
848 3345 917 3379 corr.
931 3344 966 3378 eac
979 3345 1054 3380 cain-

138 3406 187 3455 pns
203 3391 237 3457 R)
250 3388 262 3458 ΙΙ
275 3394 324 3442 176
343 3397 428 3458 gnato
447 3409 515 3445 corr.
535 3396 552 3442 2
569 3397 611 3444 uel
628 3397 646 3444 3
664 3411 695 3448 ua.
714 3411 749 3445 eae
767 3401 853 3461 gnata
866 3396 891 3445 E
909 3399 987 3461 gnati
1000 3399 1025 3446 A
1044 3394 1053 3459 ll

140 3460 186 3510 179
204 3461 299 3510 fratria
317 3461 342 3511 Α
362 3461 451 3526 patris
469 3460 495 3508 E
518 3457 529 3526 Η
