2550 3917
189 182 253 247 280
471 196 502 243 n.
519 194 654 243 nnnnnr
670 194 828 242 sennenn

161 336 188 395 b'
317 336 360 395 Et
375 343 411 395 tu
429 353 520 413 quae
536 335 647 413 gemini
663 334 782 411 praeuia
798 334 941 411 temporis

275 421 358 480 tarde
375 417 458 480 stella
474 419 554 479 redis
570 436 689 495 semper
705 417 888 479 amantibus:

274 513 303 565 te
319 512 430 564 matres
447 504 549 565 auidae
564 510 592 563 te
609 504 732 581 cupiunt
747 520 841 562 nurus

274 589 492 669 quamprimum
509 588 609 649 radios
624 605 765 666 spargere
781 586 904 652 luoidos.

316 757 440 817 Vincit
456 758 607 833 uirgineus
623 756 712 817 decor

273 841 360 920 longe
377 843 530 919 oeoropias
547 859 654 913 nuruS,

273 934 308 985 et
323 944 414 1005 quas
429 927 550 1005 Taygeti
564 927 643 1002 iugis

273 1019 393 1071 exercet
408 1011 548 1070 iuuenum
565 1010 653 1069 modo

273 1096 367 1155 muris
383 1095 461 1173 quod
478 1101 560 1154 earet
576 1092 719 1171 oppidum

272 1186 306 1239 et
322 1194 411 1256 quas
427 1180 530 1239 aonius
545 1176 622 1238 latex

272 1262 460 1341 Alpheosque
476 1280 560 1322 sacer
576 1262 664 1322 lauat.

174 1430 181 1449 '
319 1431 463 1492 Cedent
477 1432 597 1490 aesouio
613 1430 682 1489 duci

274 1513 316 1595 [si
326 1514 433 1588 formo
447 1519 521 1575 uelit
536 1512 671 1593 auspici]

216 1624 222 1635 ·
272 1598 372 1679 proles
387 1597 518 1658 fulminis
533 1598 653 1676 inprobi

273 1689 352 1761 aptat
368 1684 416 1759 qui
432 1684 498 1761 iuga
516 1682 653 1760 tigribuS,

271 1784 327 1828 neo
342 1784 400 1825 uon
418 1768 468 1843 qui
483 1767 615 1845 tripodas
630 1772 732 1825 mouet

271 1853 364 1911 frater
380 1851 503 1927 uirginis
518 1867 656 1927 asperae,

272 1934 379 1994 cedet
395 1934 514 1993 Castore
530 1952 598 1994 oum
614 1951 669 1993 suo

270 2018 374 2079 Pollux
391 2018 537 2079 caestibus
553 2019 660 2096 aptior.

316 2186 365 2246 Sio
381 2186 423 2247 sio
438 2184 594 2246 caelicolae
609 2204 717 2263 preoor
779 2199 784 2213 ·

271 2271 402 2331 uinoat
416 2270 524 2330 lemine
541 2272 696 2348 coniuges,

271 2356 320 2415 uir
334 2354 423 2432 longe
439 2362 591 2432 superet
606 2357 698 2415 uiros.

270 2691 344 2751 haec
360 2710 427 2751 oum
444 2691 571 2751 femineo
588 2694 720 2752 constitit
736 2694 765 2750 in
782 2692 889 2751 choro:

270 2777 358 2836 unius
373 2775 465 2836 iacies
481 2776 627 2852 praenitet
642 2776 791 2836 omnihus.

249 2943 880 3021 .fflmmmfflmmr

270 3035 299 3089 et
313 3029 397 3089 densi
412 3027 526 3088 latitant
540 3027 691 3089 Pleiadum
707 3045 827 3106 greges

253 3199 285 3249 77
304 3202 332 3247 et
350 3212 421 3261 quae
440 3197 465 3246 Α
485 3200 513 3246 et
531 3212 600 3261 quas
619 3212 633 3248 ε
653 3194 664 3264 ll
686 3199 718 3250 78
737 3202 869 3247 exercent
888 3198 912 3245 A
932 3201 1044 3247 exercet
1061 3210 1075 3247 ε
1092 3193 1102 3261 ΙΙ

183 3266 216 3315 82
232 3272 293 3329 poet
311 3283 336 3314 u.
349 3268 382 3316 83
400 3267 492 3328 lepitur
508 3266 534 3313 in
555 3265 590 3323 A,
610 3266 658 3315 lroo
676 3268 731 3315 loco
749 3269 775 3314 in
787 3264 820 3324 E,
840 3267 923 3315 delent
939 3280 992 3313 eum
1009 3265 1074 3314 R.P.
1094 3264 1102 3328 fl

183 3334 216 3382 90
240 3332 372 3398 celicolae
392 3332 416 3380 E
440 3329 504 3395 (liet.
523 3332 579 3381 iool
603 3350 619 3381 a
641 3350 672 3384 m.
692 3337 708 3381 2
726 3335 752 3381 in
770 3333 841 3395 rao.)
869 3329 881 3398 ll
910 3334 943 3382 92
966 3332 1047 3397 longe
1071 3337 1104 3381 ut

183 3404 296 3463 superet
313 3399 353 3449 nu
370 3399 452 3463 longe
472 3404 585 3463 superet
601 3400 643 3449 Αε
654 3396 666 3466 [Ι
678 3402 711 3450 93
728 3404 843 3449 lacunam
859 3401 950 3450 statuit
965 3400 1031 3449 R.P.
1044 3396 1056 3458 ΙΙ
1067 3401 1103 3448 94

182 3468 263 3516 unius
281 3466 306 3515 E
324 3464 409 3531 (prius
427 3482 445 3515 u
462 3468 489 3515 in
506 3463 644 3533 rae.)1{95
661 3467 805 3531 syderibus
824 3469 848 3517 A
868 3468 992 3517 sidereus
1010 3466 1036 3515 li
1058 3462 1071 3532 ss
