2550 3917
549 243 710 290 rsosnes
1036 225 1099 289 245

225 386 448 467 [postmortem
464 386 541 445 nihil
554 393 613 457 est,
631 388 758 459 ipsaque
772 400 853 443 mors
868 385 958 456 ninii,

224 474 337 531 uelocis
351 472 446 547 spatii
459 476 538 529 rnetn
553 466 744 547 nouissime]

224 572 307 632 spem
324 561 434 632 ponent
448 553 541 621 suidi,
558 551 673 612 solliciti
689 562 810 613 metum.

159 722 167 742 '
269 722 400 800 Tempus
415 739 470 781 nos
486 720 605 781 auidum
622 720 746 781 deuoret
761 728 790 780 et
806 720 904 781 chaos,

225 808 347 883 quaeris
363 824 421 884 quo
438 808 534 865 iaceas
549 812 616 884 post
632 804 745 865 obitum
763 804 847 865 loco?

225 910 284 969 quo
301 908 359 951 non
377 897 441 949 nats
458 891 565 949 issent.

227 974 324 1055 [mors
339 977 500 1035 indiuidua
514 981 559 1034 est
572 978 667 1034 nonin
682 978 810 1050 corpori

224 1078 281 1121 nee
293 1077 426 1135 parcens
443 1057 588 1137 animae]
620 1058 753 1118 'taenara
769 1065 799 1117 et
814 1076 920 1134 aspere

227 1162 352 1223 regnum
368 1142 423 1203 sub
439 1142 559 1202 domino
576 1142 665 1202 limen
682 1151 711 1202 et
725 1142 864 1202 obsidens

227 1236 326 1288 eustos
344 1245 403 1287 non
420 1226 497 1287 tscili
513 1226 662 1288 Cerberus
678 1230 754 1288 ostio

226 1331 364 1373 rumores
379 1313 464 1372 uacui
482 1311 634 1390 uerbaque
652 1312 748 1371 inanis

227 1405 256 1457 et
271 1416 325 1476 per
341 1395 465 1456 sollicito
482 1395 580 1455 [nbula
596 1398 721 1478 somnio..

244 1660 499 1709 ANDROMACHA.
524 1660 647 1708 SENEX.
671 1660 856 1708 ASTYANAX
878 1654 1047 1706 TAGITVS,

141 1847 162 1881 a
229 1819 305 1890 Quid
322 1825 435 1878 maesta
451 1816 597 1897 Phrygiae
613 1816 700 1875 turbs
717 1816 862 1877 laceratae
878 1834 978 1876 comas

169 1904 386 1983 ¹miserumque
402 1909 504 1961 tunsae
521 1909 624 1979 pectus
640 1902 732 1960 elluso
748 1919 838 1979 genes

180 1987 256 2046 fletu
271 1988 393 2064 rigetis?
416 1986 492 2045 leuis
508 2003 669 2063 perpessae
684 2003 786 2045 sumus

181 2071 209 2130 si
223 2070 321 2132 llends
337 2072 475 2148 patimur.
507 2070 591 2130 llium
609 2069 694 2130 uobis
709 2070 813 2139 modo,

182 2154 257 2215 mihi
273 2155 381 2216 cecidit
396 2154 481 2223 olim,
499 2172 566 2215 eum
584 2154 665 2215 ierus
680 2172 772 2214 curru
788 2156 877 2214 incito

182 2258 250 2300 mea
266 2239 400 2323 membra
415 2248 534 2317 raperet
550 2246 579 2300 et
594 2241 679 2315 graui
694 2247 827 2317 gemeret
841 2257 914 2299 sono
1017 2279 1019 2283 -
1047 2266 1050 2269 ⁴

184 2323 316 2401 peliacus
332 2326 394 2383 exis
409 2323 543 2402 pondere
554 2323 699 2383 hectoreo
715 2331 854 2384 tremens.

144 2413 172 2469 a‘
229 2410 313 2468 'lune
329 2407 433 2468 obruta
450 2415 538 2487 etque
554 2426 659 2468 euersa
674 2408 882 2487 quodcumque
898 2410 1005 2468 assidit
1119 2416 1170 2465 425

182 2502 307 2571 torpens
322 2492 407 2552 malis
422 2494 582 2571 rigensque
598 2494 662 2552 sine
676 2510 766 2553 sensu
781 2494 854 2553 lero.

183 2579 243 2637 ism
260 2586 360 2655 erepta
380 2576 485 2637 Densis
500 2578 663 2655 coniugem·
672 2595 815 2655 sequerer
830 2580 944 2647 meum}

183 2662 240 2721 nisi
257 2661 305 2720 hie
321 2668 450 2722 teneret:
474 2662 522 2721 hie
539 2679 621 2722 meos
636 2664 750 2722 animos
766 2662 865 2722 domet

252 2914 303 2964 406
320 2915 370 2965 407
388 2915 472 2963 delesti
483 2917 540 2963 coll.
556 2916 641 2964 Plauti
651 2915 752 2979 Captis.
767 2918 905 2965 rit-743
924 2915 1103 2965 Tertullianum

183 2981 230 3045 (de
243 2983 361 3030 animae.
376 2984 424 3042 42,
444 2983 475 3031 de
487 2985 677 3032 resurreetione
689 2984 775 3031 earnis
791 2998 814 3031 c.
828 2982 855 3045 1)
872 2985 1022 3047 respexisse
1038 2983 1103 3031 tinne

183 3054 264 3101 torrem
272 3050 403 3098 contendit
414 3050 467 3098 GR.
478 3049 539 3100 diss.
549 3066 576 3113 p.
585 3052 616 3098 11
628 3052 676 3099 seri
687 3052 745 3099 mitri
756 3065 806 3099 non
817 3052 954 3113 persuasit.
968 3047 980 3116 ΙΙ
991 3052 1041 3100 409
1052 3051 1104 3099 410

182 3124 244 3181 post
266 3132 290 3165 n.
307 3117 357 3167 417
380 3118 407 3165 in
420 3118 472 3178 fine
495 3118 590 3166 cantici
604 3120 685 3181 positi
705 3119 753 3167 sed
769 3119 868 3166 lineolis
886 3134 935 3167 non
958 3120 1035 3182 liquet
1054 3132 1103 3181 qna

182 3200 262 3234 mann
279 3186 419 3247 adscriptis
437 3198 482 3233 sno
499 3188 554 3233 loeo
566 3187 679 3234 restituti
690 3184 715 3234 E
732 3192 862 3249 utrumqne
879 3186 1029 3249 transposui
1042 3191 1103 3247 post

183 3270 207 3302 n.
221 3254 272 3301 411
305 3248 310 3315 Ι
331 3251 445 3301 iaceant
462 3258 486 3315 ψ
506 3247 518 3315 ΙΙ
538 3252 588 3301 412
606 3254 668 3301 413·
685 3254 769 3302 deleri
785 3267 833 3315 epo
851 3260 876 3301 et
896 3252 948 3304 Gli.
970 3248 983 3319 ΙΙ
1004 3257 1103 3300 taena-

182 3324 227 3369 ret
245 3318 271 3367 Ε
323 3319 373 3367 415
391 3318 482 3367 hostio
501 3318 767 3385 leppASTIANAx
786 3319 811 3367 E
832 3319 1101 3369 TACITVSnddidi.

183 3384 344 3437 VLYSSES
364 3387 387 3434 Α
401 3381 412 3451 ll
424 3388 474 3437 418
492 3386 601 3439 ANDR.
620 3403 667 3436 ons.
686 3386 738 3437 EA
750 3385 762 3452 ΙΙ
774 3387 916 3437 laceratae
940 3387 966 3435 E
994 3387 1103 3436 lat-ere·

183 3456 220 3504 tis
239 3455 264 3504 Α
283 3448 296 3520 ΙΙ
312 3468 409 3502 manus
427 3450 545 3519 4111415
564 3454 755 3518 quodcumque
774 3454 878 3504 accidit
895 3455 920 3503 Ε
937 3455 1023 3505 'l'roie
1041 3470 1103 3505 eon·

183 3521 251 3572 cidit
270 3524 294 3572 Α
308 3518 382 3588 11416
400 3521 459 3570 lero
477 3522 502 3569 Ε
520 3522 595 3571 feror
614 3523 637 3571 Α
662 3519 674 3588 ll
