2550 3917
407 207 589 255 nuncupes
612 194 803 276 [onrsrsvs]
1004 194 1065 259 377

258 443 401 491 NVTRIX.
425 443 607 492 Dnltulnn.
631 438 773 489 LIOHAS
794 439 958 495 TACITVS.

193 598 217 660 0
234 617 324 678 quam
340 607 481 661 cruentus
496 600 621 660 feminas
635 599 766 661 stimulat
781 600 879 670 iuror,

149 702 219 744 cum
236 684 331 762 patuit
345 701 404 745 ona
419 684 526 762 paelici
542 691 571 744 et
584 694 695 763 nuptae
711 684 826 747 domus.

148 767 246 848 Scylla
263 777 292 830 et
308 767 471 848 Charybdis
486 768 577 830 sicula
593 777 796 847 contorquens
812 769 886 832 ireta

148 856 249 913 minus
264 860 309 914 est
323 852 467 924 timenda,
484 853 563 915 nulia
580 872 642 913 non
658 853 764 914 melior
780 856 847 917 fera.
859 862 911 916 cst.

148 955 279 1016 namque
294 944 326 999 ut
341 938 449 999 reluxit
463 937 582 1016 paelicis
596 946 702 1017 captae
717 939 807 999 decus

148 1029 179 1081 et
195 1020 276 1082 fuisit
290 1021 352 1082 ioie
367 1022 463 1101 qualis
477 1021 597 1082 innubis
612 1024 675 1084 dies

146 1107 271 1185 purisue
287 1106 399 1167 ciarum
415 1106 552 1167 noctibus
566 1107 648 1169 sidus
663 1109 765 1168 micat:

63 1263 66 1269 Δ
147 1192 230 1251 stetit
244 1192 355 1253 furenti
371 1190 474 1253 similis
488 1209 523 1252 ac
537 1199 657 1252 toruum
673 1194 793 1255 intuens

147 1274 291 1337 herculea
307 1277 450 1346 coniunx,
466 1277 526 1337 ieta
540 1286 574 1336 ut
588 1278 719 1337 armenia
735 1280 836 1339 iacens

149 1359 207 1420 suh
223 1379 299 1440 rupe
314 1362 398 1439 tigris
413 1360 498 1422 hoste
514 1370 674 1439 conspecto
689 1362 771 1422 exilit

149 1451 203 1505 aut
217 1445 294 1505 iussa
311 1445 446 1526 thyrsum
461 1453 584 1523 quatere
599 1456 777 1525 conceptum
793 1446 895 1509 furens

146 1546 270 1589 maenas
285 1528 414 1608 Lyaeum
431 1528 518 1591 dubia
535 1547 594 1607 quo
610 1548 731 1608 gressus
746 1533 830 1592 ierat.

147 1614 245 1674 haesit
261 1632 438 1693 parumper,
456 1623 516 1674 tum
533 1631 587 1692 per
602 1614 759 1677 herculeos
773 1615 852 1677 lares

147 1699 271 1758 attonita
288 1699 399 1767 fertur,
415 1706 475 1759 tota
493 1700 542 1758 uix
557 1700 628 1759 satis
644 1707 689 1761 est
705 1700 824 1769 domus,

147 1783 276 1842 incurrit
291 1792 372 1843 errat
385 1784 471 1843 sistit.
502 1784 532 1842 in
547 1782 646 1845 uoitus
662 1784 748 1845 dolor

146 1869 294 1944 processit
308 1869 420 1937 omnis,
436 1869 549 1945 pectori
564 1885 658 1945 paene
674 1870 776 1928 intimo

146 1950 222 2011 nihil
239 1958 283 2011 est
297 1951 441 2013 relictum.
472 1951 560 2011 ilctus
574 1954 740 2031 insequitur
757 1956 851 2016 minas

146 2053 205 2095 nec
221 2053 298 2096 unus
313 2035 431 2097 habitus
448 2035 536 2096 durat
551 2044 602 2097 aut
617 2055 676 2097 uno
692 2038 763 2098 furit

146 2126 287 2181 contenta
303 2119 401 2181 uoitu:
424 2137 503 2180 nuno
518 2120 710 2182 inardescunt
725 2140 831 2200 genae,

97 2230 102 2237 ·
146 2203 245 2283 paiior
260 2204 401 2265 ruborem
418 2203 500 2282 pellit
516 2211 545 2265 et
559 2205 672 2266 formas
688 2206 772 2268 dolor

146 2295 230 2349 errat
245 2307 299 2368 per
315 2307 434 2350 omnes:
458 2292 593 2368 queritur
608 2289 737 2369 inploret
752 2292 851 2369 gemit.

143 2390 275 2434 sonuere
291 2382 404 2453 postes:
429 2392 497 2433 ecce
514 2377 668 2453 praecipiti
684 2376 778 2453 gradu

143 2466 263 2519 secreta
278 2460 384 2518 mentis
400 2476 452 2518 ore
467 2459 591 2518 couiuso
608 2462 711 2520 exerit.

142 2554 267 2601 Durum
285 2560 502 2622 quamcumque
517 2550 631 2621 partem
649 2546 725 2604 sedis
741 2544 890 2607 aetheriae
905 2549 1017 2624 premis

143 2628 276 2686 coniunx
292 2628 434 2694 tonantis,
451 2628 534 2688 mitte
550 2628 580 2686 in
594 2626 716 2688 Alciden
731 2630 825 2689 ieram

143 2711 310 2790 quaemihi
327 2712 396 2772 satis
412 2712 457 2770 sit.
488 2713 512 2769 si
527 2711 760 2790 quaiecundum
778 2720 875 2794 caput„¹

141 2793 253 2874 palude
267 2803 328 2856 tota
343 2796 455 2856 uastior
470 2813 594 2874 serpens
609 2805 724 2873 mouet,

211 3015 376 3079 NVTfflxae·
390 3015 568 3065 DEIANIRA
579 3015 632 3064 ΕΑ
651 3015 797 3066 ΕΙΟΗΑΕ
809 3033 897 3068 nomen
909 3019 1000 3068 addidi
1010 3035 1064 3069 cunr

141 3084 202 3134 edd.
222 3078 235 3148 ΙΙ
255 3084 306 3134 236
324 3084 406 3135 NVT.
424 3082 450 3131 Ε
467 3083 567 3132 Nutrix
585 3083 608 3132 R
625 3100 671 3133 om.
690 3084 715 3133 A
743 3081 748 3150 Ι
769 3085 845 3135 furor
862 3085 887 3133 E
910 3084 986 3135 doior
1005 3087 1029 3135 A
1049 3088 1061 3147 ii

141 3153 193 3201 240
212 3150 298 3200 decus
311 3167 333 3200 co
352 3150 445 3201 decor
458 3151 533 3203 NHs.
547 3153 612 3200 coni.
625 3168 649 3203 u.
664 3148 729 3217 2221
749 3154 797 3202 241
812 3154 840 3201 in
853 3151 940 3202 nubes
953 3152 978 3201 E
989 3149 1001 3217 ΙΙ
1014 3154 1062 3201 242

141 3218 260 3268 Purisue
282 3218 386 3267 olerum
404 3218 471 3267 EM)
488 3218 625 3267 Purumue
645 3219 728 3269 claris
747 3221 772 3270 A
801 3216 813 3285 ll
841 3222 891 3270 244
909 3220 971 3269 fera
990 3221 1029 3285 up
1049 3222 1061 3282 ΙΙ

143 3286 270 3336 armenia
287 3286 354 3335 ΕΕΕ
377 3287 463 3350 Lupd.
481 3302 503 3334 m
524 3323 530 3335 ,
551 3286 689 3335 Aarencius
718 3291 842 3337 armento
861 3289 886 3337 A
915 3284 927 3353 11
956 3288 1005 3337 246
1024 3288 1063 3338 fe-

141 3369 206 3405 rens
225 3370 247 3404 or
265 3354 370 3403 furens
387 3355 488 3417 scripsi.
501 3302 574 3420 [rheti
592 3354 666 3403 ferat
683 3354 709 3402 Ε
728 3358 795 3419 ngat
806 3355 831 3405 A
843 3351 855 3421 Η
867 3357 917 3405 249
934 3356 1063 3406 Attonita

143 3421 233 3472 fertur
251 3421 277 3469 Ε
295 3421 363 3485 Lym
384 3421 453 3471 heta
470 3422 578 3486 rapitur
595 3422 621 3471 A
645 3418 657 3487 Η
680 3423 729 3472 252
748 3423 837 3472 minas
855 3422 880 3471 Ε
898 3438 985 3488 genas
1003 3425 1028 3473 A
1049 3426 1061 3487 Η

142 3490 193 3540 268
213 3490 315 3540 exterit
333 3438 383 3556 Εῇ
397 3491 448 3541 259
467 3489 647 3553 Quamouque
665 3489 715 3551 Εψ
733 3490 904 3555 Quocunque
923 3493 949 3541 A
973 3488 984 3558 {l
