2550 3917
201 160 263 226 138
479 175 511 222 n.
528 174 660 222 eunom
677 172 835 221 sennenn

160 316 186 373 d'
244 316 373 393 Stirpem
389 332 496 393 perosa
513 312 591 374 Solis
605 313 692 373 inuisi
708 313 805 373 Venus

202 419 256 478 per
272 418 327 461 nos
342 407 461 461 catenas
476 399 605 461 uindicat
619 398 721 458 Mortis
736 399 782 457 sui

201 503 328 563 suasque
342 483 461 563 probris
475 501 564 543 omne
579 481 746 558 phoebeum
763 497 856 557 genus

203 575 308 629 oneret
322 568 466 629 nefandis.
497 567 577 628 nulla
592 567 699 626 minois
714 566 770 626 levi

202 653 342 715 delunota
357 671 459 712 amore
475 661 534 720 est,
551 653 682 728 iungitur
697 669 816 728 semper
831 651 922 710 nelos.

167 765 184 798 e
244 751 346 798 NVTR.
372 737 488 797 Thesea
503 740 630 797 coniunx
647 734 725 796 olera
742 737 899 814 progenies
914 735 991 795 louis

202 821 329 884 notanda
345 829 424 882 casto
440 831 563 898 pectore
578 819 703 882 exturba
720 821 812 880 ocius,

203 909 342 984 extingue
357 905 491 967 flammas
506 924 583 967 neue
599 914 628 966 te
646 905 728 965 dirae
743 905 806 982 spei

203 991 314 1070 praebe
329 990 553 1070 obsequentem.
585 991 716 1068 quisquis
733 990 761 1048 in
775 989 871 1066 primo
887 987 999 1050 obstitit

202 1074 377 1155 pepulitque
393 1093 525 1136 amorem
541 1083 623 1135 tutus
638 1093 673 1134 eo
689 1075 785 1134 uictor
800 1075 870 1143 luit,

203 1161 255 1239 qui
270 1159 449 1220 blandiendo
465 1158 551 1220 dulce
562 1159 693 1218 nutriuit
707 1157 816 1218 malum

204 1263 272 1306 sero
287 1251 407 1305 recuset
422 1245 501 1304 serre
517 1243 596 1321 quod
612 1242 703 1302 subiit
716 1244 829 1318 iugum.

167 1330 192 1388 e‘
248 1328 309 1389 Neo
324 1347 372 1388 me
387 1328 462 1406 fugit
478 1346 564 1405 quam
581 1329 674 1388 durus
690 1335 719 1387 et
733 1327 797 1387 ueri
813 1326 942 1388 insolens

203 1414 237 1474 ed
254 1420 335 1473 reete
350 1413 430 1473 sseeti
445 1415 545 1490 regius
559 1411 631 1473 nolit
648 1421 756 1472 tumor.

203 1516 411 1578 quemcunque
428 1497 543 1557 dederit
558 1499 668 1557 exitum
685 1513 770 1556 cesus
786 1496 895 1556 serem:

202 1583 308 1642 fortem
324 1582 393 1642 lacit
407 1583 505 1642 uicina
521 1579 642 1642 libertas
657 1599 768 1640 senem.

204 1665 345 1747 [honesto
353 1671 489 1743 primum
504 1675 548 1726 est
562 1669 640 1726 uelle
655 1683 710 1726 neo
724 1667 866 1742 labinia,

197 1753 303 1827 pudor
317 1759 361 1812 ert
374 1753 524 1812 secundus
538 1768 625 1812 noete
634 1752 793 1825 peccandi
806 1747 952 1828 modum]

203 1854 262 1914 quo
277 1837 384 1896 misero
399 1836 516 1912 pergis?
539 1835 608 1914 quid
626 1835 745 1893 domum
761 1833 900 1893 infamem
917 1850 1062 1910 eggruuos

203 1937 385 1999 superasque
400 1919 544 1979 matrem?
568 1920 662 1978 maius
678 1927 722 1978 est
737 1925 870 1979 monstro
886 1918 984 1977 netas:

203 2022 271 2064 nam
287 2012 418 2064 monstra
435 2003 509 2072 leto,
527 2001 661 2063 moribus
677 2001 789 2063 seelera
806 2003 933 2080 inputes.

178 2092 192 2112 ‘'
248 2089 280 2147 Si
295 2088 374 2167 quod
391 2090 516 2148 maritus
532 2105 639 2166 supera
656 2105 713 2146 teon
730 2089 825 2147 cernit
839 2085 904 2146 loca
1139 2096 1189 2146 150

204 2180 300 2232 tutum
315 2190 380 2233 esse
398 2172 513 2231 lacinus
529 2173 627 2232 oredis
643 2180 672 2231 et
687 2190 814 2232 ueouum
830 2179 929 2230 metu:

204 2275 297 2318 erres.
328 2258 423 2317 teneri
440 2256 528 2316 erede
544 2255 659 2316 lethaeo
676 2254 807 2316 abditum

204 2340 318 2402 Thesea
334 2341 482 2419 profundo
499 2348 528 2401 et
543 2342 622 2401 serre
637 2348 810 2418 perpetuam
827 2339 930 2418 Styge:

205 2426 274 2505 quid
290 2424 339 2484 ille
354 2425 414 2485 lato
429 2428 520 2485 meria
537 2427 586 2503 qui
601 2443 694 2503 regno
711 2426 819 2502 premit

205 2509 379 2588 populisque
395 2510 492 2570 reddit
507 2511 720 2571 iurnoentenis
736 2508 838 2588 pater?

205 2594 296 2655 latere
313 2601 424 2655 tantum
441 2595 555 2654 lacinus
571 2594 720 2654 oecultum
737 2593 832 2654 sinet?

205 2791 405 2800 ---.

272 2920 321 2968 129
339 2932 464 2982 perosum
477 2916 503 2965 E
514 2911 526 2982 ll
537 2929 634 2964 nemus
652 2913 687 2963 ΕΙ
705 2929 774 2964 corr.
787 2911 825 2962 Ε2
836 2907 848 2978 ΙΙ
861 2914 908 2962 131
927 2884 1064 2978 phoeblrm
1076 2911 1102 2960 E
1113 2909 1122 2978 lt

205 2989 252 3036 141
271 3001 338 3035 uere
357 3002 376 3034 α
398 2982 410 3050 ΙΙ
434 2986 482 3034 143
500 2982 608 3032 ΡΗΑΕ.
624 2997 729 3046 quomo.
748 2981 807 3043 Αε,
827 2980 935 3032 ΡΗΑΕ.
950 2981 1008 3030 dell.
1022 2981 1121 3033 Delrio.

206 3054 277 3104 Grot.
290 3049 302 3118 Η
318 3055 367 3102 144
385 3055 492 3101 sortem
511 3077 543 3086 -
561 3050 666 3100 leuem
686 3051 718 3101 ei.
737 3049 788 3101 Dn.
802 3048 851 3098 He.
868 3045 880 3114 ll
898 3049 946 3098 145
965 3049 1077 3098 obstare
1095 3048 1121 3097 A

204 3137 260 3170 non
277 3121 332 3170 ieta
350 3118 376 3168 Ε
399 3135 468 3169 corr.
487 3119 562 3170 nne.
581 3119 647 3168 dune
665 3124 690 3167 et
707 3124 851 3181 sequentem
868 3133 892 3166 u.
912 3117 1007 3175 delent,
1032 3116 1121 3164 Delrio

204 3197 334 3253 utrumque
346 3187 481 3238 collocavit
499 3194 559 3249 port
575 3202 599 3238 u.
613 3189 666 3236 2⁶3
684 3185 836 3247 interposito
854 3201 878 3233 u.
892 3187 945 3233 255
960 3180 973 3248 ΙΙ
992 3184 1039 3232 147
1058 3197 1121 3246 gra·

204 3271 256 3305 uae
270 3257 293 3305 Α
314 3269 452 3320 aggreuee
465 3254 519 3317 Εψ
531 3249 543 3320 ΙΙ
555 3255 605 3303 148
622 3254 711 3302 maius
730 3266 764 3301 es
782 3254 812 3302 ei.
827 3252 860 3302 N.
873 3252 923 3303 He.
936 3247 948 3316 ΙΙ
961 3253 1009 3302 152
1027 3255 1121 3300 tomen

205 3328 236 3373 tu
254 3323 336 3373 erede
354 3324 378 3373 Α
401 3322 491 3373 teneri
508 3321 590 3371 erede
610 3322 651 3370 Ηε
668 3317 679 3385 ΙΙ
698 3321 746 3370 153
764 3319 900 3384 profundo
918 3320 992 3369 ferre
1010 3319 1035 3368 A
1060 3332 1122 3381 pro·

204 3391 288 3442 fundo
307 3396 336 3441 et
353 3390 420 3441 ferri
437 3389 463 3438 Ε
482 3387 571 3451 (ferre
590 3396 606 3438 t.
627 3385 689 3453 Gr.)
708 3392 815 3452 stygem
834 3389 858 3436 A
879 3393 959 3451 styga
976 3386 1002 3435 Ε
1031 3383 1043 3449 ll
1074 3385 1122 3434 156

205 3460 334 3509 tacitum
352 3462 383 3510 ei.
403 3458 427 3507 1.
436 3458 514 3507 Goon.
538 3453 550 3520 ΙΙ
