2550 3917
194 203 274 268 406·
349 234 352 238 ν
583 216 725 265 rueram

195 359 268 419 haut
279 376 370 437 posse
385 359 479 426 uinci,
497 357 546 437 qui
562 356 671 418 malum
688 364 717 417 et
734 359 834 418 uiuum
851 357 933 418 tolita

195 441 273 505 elisit
288 444 426 523 hydram,
444 444 531 503 dente
547 461 614 502 cum
629 443 718 501 infixo
735 444 814 503 stetit

195 528 292 588 media
308 528 416 606 palude
431 530 526 587 uictor
542 528 635 594 effuso
652 526 775 587 obrutus

195 606 280 673 artus
294 631 422 673 ueneno.
454 613 573 690 sanguis
589 612 669 672 huno
685 612 769 671 Nessi
784 614 932 691 opprimet

195 698 247 776 qui
262 698 332 758 uicit
346 699 426 776 ipsas
441 698 556 757 horridi
572 697 655 757 Nessi
670 700 795 758 manus?

195 795 316 842 numu.
332 783 442 843 lrustra
459 790 576 842 tenetur
590 780 640 842 ille
656 784 706 860 qui
722 784 823 841 statuit
838 782 923 843 mori.

194 866 322 945 proinde
336 866 433 927 lucem
449 867 553 943 lugere
568 867 721 927 decretum
738 873 782 926 est
797 866 879 927 mihi.

195 952 271 1012 uixit
285 953 355 1012 satis
372 954 550 1030 quicumque
566 968 634 1011 cum
649 949 749 1012 Alcide
766 952 882 1011 occidit.

195 1049 298 1096 uvuss.
316 1054 369 1115 per
385 1036 438 1097 has
452 1036 544 1097 aniles
560 1054 629 1097 ecce
644 1044 674 1096 te
689 1034 813 1114 supplex
828 1054 929 1097 comas

194 1128 285 1200 atque
300 1120 392 1181 ubera
409 1124 462 1181 ista
479 1140 573 1199 paene
590 1128 721 1181 materna
739 1120 879 1181 obsecro:

195 1206 313 1283 depone
328 1206 455 1266 tumidas
469 1207 599 1284 pectoris
613 1204 682 1265 lassi
698 1207 790 1265 minas

195 1292 359 1369 mortisque
376 1290 457 1350 dirae
474 1288 588 1369 expelle
603 1290 755 1350 decretum
773 1290 926 1351 horridum

194 1388 317 1436 Durare.
334 1377 513 1454 quicumque
529 1378 639 1436 misero
657 1375 732 1435 lorte
748 1375 898 1437 dissuadet
912 1376 988 1436 mori

196 1459 326 1520 crudelis
341 1458 390 1519 ille
406 1467 458 1519 est.
488 1461 607 1521 iuterim
625 1477 720 1536 poena
736 1467 781 1520 est
796 1461 886 1529 mori,

194 1544 248 1604 sed
264 1562 352 1622 saepe
368 1544 494 1604 donum:
518 1544 653 1623 pluribus
669 1547 773 1604 ueniae
788 1544 851 1604 luit.

195 1643 299 1689 utura.
317 1629 442 1691 deiende
457 1628 560 1689 saltem
577 1630 729 1690 dexteram
745 1628 845 1688 inlelix
861 1636 956 1689 tuam:

124 1761 127 1766 .
194 1713 368 1792 fraudisque
383 1715 496 1774 lacinus
512 1732 576 1774 esse
592 1732 651 1773 nou
667 1722 776 1789 nuptae
793 1715 896 1774 sciant.

195 1811 315 1857 nullu.
334 1798 477 1858 defendar
491 1798 565 1859 illic:
587 1798 676 1858 inleri
692 1797 847 1858 absoluent
861 1816 958 1869 ream,

193 1902 212 1943 a
229 1884 353 1960 meipsa
369 1884 502 1943 damnor.
534 1891 642 1962 purget
658 1882 710 1943 has
725 1883 831 1943 Pluton
847 1900 960 1943 manue.

195 1967 280 2028 stabo
296 1975 364 2027 aute
380 1968 459 2045 ripas
474 1970 621 2028 inmemor
635 1968 729 2028 Lethe
744 1973 810 2028 tuas

195 2061 224 2112 et
239 2051 345 2112 umbra
360 2054 451 2111 tristis
467 2056 625 2130 coniugem
643 2052 786 2129 excipiam
804 2070 914 2113 meum.

194 2138 247 2198 sed
262 2145 294 2197 tu
310 2138 454 2214 nigrantis
468 2155 559 2214 regna
576 2139 625 2215 qui
641 2145 763 2215 torques
779 2136 837 2214 poli

194 2217 425 2300 paranlahorem.
456 2221 568 2282 scelera
585 2240 660 2300 quae
676 2225 800 2300 quisque
816 2238 906 2281 ausus
922 2228 982 2291 est,

194 2306 243 2365 hic
259 2307 352 2365 uincit
367 2324 468 2374 error,
486 2305 580 2386 [Iuno
596 2324 656 2367 oon
673 2324 748 2366 ausu
764 2308 925 2367 Herculem

193 2394 315 2467 eripere
328 2388 434 2469 terris]
451 2391 603 2450 horridam
619 2408 746 2468 poenam
763 2408 843 2468 para.

263 2629 311 2677 921
326 2642 381 2693 qua
392 2627 417 2676 E
430 2627 476 2692 qui
488 2627 513 2675 A
523 2617 585 2690 poal
596 2628 621 2677 h.
633 2644 658 2676 u.
672 2632 761 2675 iterum
773 2630 890 2689 loquutur
901 2627 980 2675 hoec:
994 2624 1112 2691 Serpen-

194 2698 233 2745 tis
249 2694 320 2744 illud
338 2696 415 2745 uirus
437 2699 469 2744 ut
487 2694 563 2743 fama
582 2699 625 2743 est
642 2693 708 2758 ydre
725 2710 743 2757 p
765 2690 777 2759 Η
800 2695 857 2743 92²2x
874 2694 956 2743 dente
976 2708 1037 2743 cum
1059 2693 1113 2743 lixo

196 2768 296 2813 terrens
312 2763 338 2811 E
359 2761 443 2812 dente
462 2778 525 2811 cum
542 2761 626 2810 infixo
644 2762 722 2811 stetit
740 2761 764 2810 A
789 2760 814 2809 d.
834 2776 894 2810 cum
911 2760 963 2811 fixo
982 2765 1112 2811 trucem

196 2831 274 2885 Nlla.
292 2848 327 2880 uu
340 2830 460 2880 confixo
473 2825 675 2895 teneus?11925
688 2829 792 2878 horridi
804 2828 855 2877 EA
874 2829 1001 2878 horridas
1014 2839 1037 2895 ψ
1050 2830 1113 2879 hor-

196 2900 281 2947 ridus
299 2899 374 2948 NHs.
396 2894 408 2962 Η
429 2899 479 2948 926
497 2901 627 2947 tenentur
645 2897 670 2946 E
688 2900 799 2946 tenetur
818 2898 842 2945 A
860 2892 871 2961 Η
889 2899 938 2947 929
956 2897 997 2946 hic
1015 2912 1113 2963 quoque

194 2966 281 3016 Hl'L,
303 2965 326 3013 Ε
344 2966 427 3016 NV'r.
446 2966 471 3014 A
495 2961 507 3031 Η
531 2980 596 3015 ecce
615 2981 661 3015 om.
679 2964 703 3014 R
725 2960 737 3029 Η
760 2965 809 3014 931
830 2963 898 3013 lassi
915 2964 940 3013 E
964 2964 1036 3014 laesi
1055 2965 1080 3014 A
1101 2964 1113 3028 Η

191 3037 247 3084 933
264 3033 365 3083 suadet
381 3034 407 3083 Ε
435 3032 578 3084 dissuadet
596 3033 622 3083 A
651 3027 664 3097 ll
692 3030 844 3082 autulio
872 3027 884 3097 Η
914 3033 963 3082 935
986 3031 1070 3081 NVT.
1089 3032 1114 3081 A

195 3118 243 3152 om.
261 3102 288 3151 Ε
309 3098 322 3166 Η
348 3101 447 3151 donum
466 3101 591 3167 pluribus
609 3099 634 3148 E
654 3100 678 3149 d.
700 3100 729 3149 in
747 3099 783 3164 pl.
803 3099 828 3150 A
852 3095 863 3165 Η
887 3100 988 3149 ueniae
1006 3100 1060 3149 fuit
1078 3100 1115 3151 εΑ

195 3170 284 3219 uenia
297 3168 396 3219 obfuit
409 3169 513 3219 Grotius
525 3186 558 3218 an
569 3169 659 3217 uenia
673 3167 769 3217 afuit?
781 3163 792 3233 Η
804 3169 853 3217 936
866 3167 949 3217 NVN.
963 3167 989 3216 Ε
1001 3183 1047 3217 om.
1061 3169 1086 3216 A
1101 3168 1114 3231 Η

192 3236 363 3300 dextramqa
384 3233 397 3301 Η
419 3239 469 3288 937
488 3238 581 3287 sciant
598 3236 623 3284 Ε
642 3236 715 3285 scias
735 3236 759 3285 A
779 3235 851 3284 sciat
869 3235 941 3299 qup
961 3231 973 3300 Η
997 3238 1047 3285 938
1066 3235 1115 3284 ab·

196 3305 308 3355 solueui
319 3304 345 3354 E
363 3305 472 3354 soluerit
485 3306 509 3354 A
521 3303 533 3367 Η
545 3307 594 3355 939
612 3303 710 3367 pluton
722 3303 748 3351 Ε
764 3302 847 3354 Pluto
861 3303 886 3351 A
899 3298 911 3369 Η
922 3304 972 3352 944
984 3304 1079 3352 uincet
1091 3302 1116 3351 Ε

197 3373 268 3421 uicit
286 3373 311 3421 A
329 3372 426 3420 uincit
445 3368 602 3437 63119441)
620 3373 682 3421 945⁸
700 3369 780 3433 (Iuno
799 3396 831 3405 -
850 3370 943 3433 terris)
963 3375 1052 3420 ‘totum
1069 3372 1116 3421 lloc

197 3440 257 3487 mihi
272 3444 414 3502 suspectum
432 3446 459 3488 ut
477 3442 559 3489 alieno
578 3442 633 3488 loco
648 3442 768 3501 positum’
788 3439 885 3487 Detrio.
906 3440 995 3487 deleat.
1025 3434 1037 3503 Η
1066 3438 1116 3487 944

198 3520 268 3553 arasa
279 3505 429 3554 Herculem
447 3510 491 3554 est
509 3507 533 3554 A
554 3521 624 3555 ausa
642 3510 684 3555 est
701 3504 841 3555 herculem
860 3506 883 3555 R
902 3510 945 3555 est
962 3522 1009 3559 om.
1027 3505 1054 3554 Ε
1076 3502 1088 3571 Η
