2550 3917
199 176 241 241 22
479 193 510 239 n.
526 192 661 239 suornm
678 190 833 239 sennenn

199 332 343 411 sparsisse
359 333 456 394 crines
471 349 526 393 nec
541 348 631 393 manu
647 329 728 391 motti
743 329 839 394 leuem

200 416 319 477 uibrare
335 416 479 497 thyrsum,
496 434 563 477 cunr
580 434 686 493 parum
701 416 770 476 forti
786 416 880 493 gradu

200 519 272 562 auro
289 502 430 562 decorum
446 519 543 581 syrma
560 500 716 562 barbarico
733 501 830 562 trahit.

198 593 266 665 post
281 584 372 647 multa
389 588 589 663 uirtusopera
604 584 697 647 lauari
712 585 796 647 solet.
847 650 850 653 ,

157 685 186 752 qo
241 683 318 731 Luc.
342 671 531 732 Teuthrantis
546 671 603 731 boc
618 671 727 731 fatetur
744 672 841 731 euersi
856 671 970 740 domus,

198 773 401 835 pecorumque
416 756 475 816 ritu
491 757 639 833 uirginum
657 756 793 834 oppressi
808 772 923 832 greges,

198 840 256 900 hoc
270 839 347 900 nulia
365 840 437 901 luno
453 840 551 901 nullus
567 840 749 920 Eurystheus
764 839 855 902 iubet.

197 925 319 1002 ipsius
334 926 407 986 baec
423 933 489 986 sunt
506 943 626 1004 opera.

197 1021 306 1069 ΑΜΡΗ.
664 1027 725 1070 noo
741 1010 817 1069 nosti
831 1010 938 1070 omnia.

164 1125 181 1175 q
240 1094 364 1172 Ipsius
385 1112 480 1174 opus
499 1101 555 1154 est
575 1094 721 1154 caestibus
736 1096 848 1156 fractus
862 1096 924 1155 suis

196 1180 274 1259 Eryx
290 1187 320 1239 et
334 1179 421 1259 Eryci
435 1180 555 1239 iunctus
570 1180 699 1261 Antaeus
715 1177 802 1259 Libys

197 1272 227 1325 et
242 1264 292 1341 qui
308 1262 445 1341 hospitali
460 1262 550 1323 caede
566 1271 720 1323 manantes
736 1262 794 1323 ioci

196 1347 301 1409 bibere
316 1349 424 1408 iustum
441 1348 613 1425 sanguinem
630 1347 783 1408 Busiridis.

158 1440 183 1513 q'
239 1433 362 1510 Ipsius
377 1451 470 1511 opus
486 1439 542 1492 est
559 1432 675 1492 uulneri
692 1439 721 1491 et
739 1432 819 1491 ferro
835 1432 941 1494 obuius

196 1525 323 1579 mortem
339 1525 459 1577 coactus
474 1518 588 1595 integer
605 1516 721 1595 Cycnus
736 1517 805 1596 pati.

196 1621 251 1663 nec
268 1619 344 1662 unus
358 1619 417 1662 una
433 1604 551 1679 Geryon
567 1602 664 1661 uictus
680 1618 777 1661 manu.

135 1712 139 1718 ·
195 1688 255 1748 eris
269 1687 346 1745 inter
362 1688 432 1746 istos
447 1690 499 1765 qui
515 1693 611 1747 tamen
627 1684 709 1745 nullo
724 1695 828 1764 stupro

196 1771 311 1832 laesere
325 1767 479 1832 thalamos.

165 1891 179 1925 1·
238 1866 317 1915 Luc.
527 1852 611 1923 Quod
627 1854 692 1914 Ioui
707 1854 764 1915 boc
779 1856 844 1932 regi
858 1852 935 1917 licet.
1022 1915 1031 1931 ,

195 1940 259 2003 1ουί
275 1938 379 1999 dedisti
394 1940 567 2016 coniugem,
584 1941 648 2016 regi
664 1938 747 1999 dabis

194 2033 224 2087 et
238 2032 267 2085 te
282 2009 423 2101 magistro
439 2041 498 2083 non
515 2040 624 2083 nouuru
641 2023 698 2083 hoc
714 2023 808 2084 discet
823 2041 916 2084 nurus

195 2110 283 2171 etiam
298 2109 364 2168 uiro
380 2106 525 2187 probante
543 2106 695 2168 meliorem
712 2109 806 2185 sequi.

195 2196 240 2256 sin
257 2190 389 2271 copulari
404 2194 539 2270 pertinax
555 2192 649 2251 taedis
664 2200 761 2270 negat,

196 2277 245 2340 uel
262 2296 297 2337 ex
313 2283 413 2337 coacta
430 2276 560 2337 nobilem
575 2286 691 2354 parturn
708 2278 812 2337 ieram.

161 2372 182 2431 r‘
238 2374 321 2422 Mne.
350 2360 478 2421 Vmbrae
494 2360 629 2422 Creontis
646 2369 675 2421 et
690 2369 811 2441 penates
826 2360 957 2423 Labdaci

196 2456 225 2508 et
240 2445 386 2525 nuptiales
400 2446 473 2524 inpii
489 2444 658 2525 Oedipodae
675 2446 755 2506 iaces

195 2550 273 2592 nunc
289 2529 375 2591 solita
390 2536 491 2590 uestro
507 2530 564 2589 iata
581 2532 718 2607 coniugio
734 2530 809 2591 date.

194 2634 273 2677 nunc
289 2633 368 2676 nunc
383 2620 522 2675 cruentae
538 2616 616 2691 regis
631 2617 753 2695 Aegypti
769 2633 863 2676 nurus

195 2772 357 2779 ...—-—-
378 2773 395 2777 .-

261 2838 312 2887 478
338 2836 448 2886 uibrare
466 2836 544 2900 EVp
570 2836 697 2885 uibresse
716 2835 740 2883 Α
773 2830 785 2898 ΙΙ
816 2834 931 2899 gradum
952 2833 987 2884 V¹
1020 2830 1031 2900 Η
1062 2838 1112 2885 tte

193 2906 342 2955 barbarico
359 2903 415 2954 EV
439 2904 616 2953 barbaricum
636 2903 661 2951 A
695 2898 707 2967 [Ι
740 2902 789 2951 481
812 2901 872 2951 Lic‘
893 2901 979 2964 (minio
996 2903 1059 2965 ser.)
1087 2905 1114 2952 V

193 2973 249 3021 LY.
264 2968 326 3019 AE’
338 2987 384 3035 mp.
399 2986 445 3020 om.
459 2970 493 3019 E¹
511 2968 523 3035 ΙΙ
542 2971 603 3019 Hoc
616 2971 700 3020 euriti
712 2968 763 3017 EA
783 2970 844 3018 Hoc
856 2970 995 3020 tentantis
1007 2970 1068 3020 art
1077 2973 1111 3019 12

193 3054 240 3103 ηις.
264 3039 324 3087 Hoc
342 3041 483 3087 tentantes
499 3038 593 3103 Vltroi.
611 3037 748 3089 tentantis
770 3040 846 3086 etiam
863 3037 943 3103 Mop„
964 3038 982 3087 I
985 3038 1047 3087 Par.
1068 3054 1111 3087 re-

194 3108 300 3166 centior,
325 3107 397 3155 Voss.
411 3109 507 3156 metior.
520 3121 589 3155 corr.
603 3106 707 3154 Delatus
725 3105 786 3154 Hoc
800 3104 891 3155 eantis
907 3106 933 3155 V
951 3101 964 3171 ΙΙ
987 3106 1037 3155 482
1057 3119 1111 3169 que

195 3224 241 3259 om.
258 3210 284 3257 V
305 3204 316 3273 y
336 3208 386 3258 483
399 3206 479 3256 nuc.
491 3209 566 3256 meno
577 3223 629 3257 scr.
642 3208 691 3256 sea
699 3208 807 3256 aeream
818 3205 854 3255 ΕΙ
877 3202 889 3272 n
912 3208 962 3257 see
976 3180 1034 3258 eb
1047 3207 1072 3257 u
1088 3203 1102 3272 y

194 3277 244 3327 487
268 3276 314 3339 qui
330 3290 411 3339 supra
429 3291 527 3327 uersum
549 3276 612 3325 add.
635 3273 672 3324 V²
699 3270 712 3340 ΙΙ
745 3273 909 3339 hospitalem
928 3275 1043 3325 caedem
1061 3275 1111 3323 rni-

186 3347 293 3405 neutes
312 3344 337 3391 E
364 3340 375 3405 ΙΙ
404 3345 454 3393 490
476 3345 586 3407 integer
605 3357 708 3405 cycnus
726 3342 751 3391 E
776 3346 841 3391 ente
859 3341 1038 3406 GeryonesA
1063 3348 1114 3392 aut

194 3410 336 3475 gerionem
353 3411 378 3459 V
398 3406 409 3476 Η
432 3412 482 3461 493
501 3408 608 3473 quidet
624 3413 649 3462 V
671 3407 683 3477 [1
706 3413 754 3461 501
773 3409 902 3461 uestroE
920 3406 1101 3475 nostropAil

194 3480 244 3529 502
262 3478 347 3543 egisti
369 3478 416 3528 VR
438 3476 450 3545 ΙΙ
1164 3488 1167 3492 ·
