2550 3917
212 168 253 233 78
492 185 524 231 u.
541 186 676 233 aunum
691 185 849 233 suusque
869 245 871 250 ,

213 330 312 382 temen
329 330 452 401 tegatur.
483 325 581 403 aspice
596 331 629 383 ut
644 322 736 384 multu
751 325 852 402 grauis

212 406 350 484 squalore
364 406 464 469 uultus
479 408 587 469 obruat
602 416 730 469 maestes
744 425 838 478 cuma,

212 508 301 568 quam
316 491 402 553 loeda
416 493 510 553 iaceat
525 492 628 554 barbe.
657 501 826 572 praestetur
841 492 924 553 tides.

212 578 335 637 tratrem
350 578 432 637 iuuat
447 577 559 637 uidere.
590 577 753 656 conplexus
767 577 840 637 mini

210 660 303 721 redde
319 664 473 739 expetitos.
496 662 635 740 quicquid
650 662 763 723 irarum
780 662 845 731 luit,

212 746 368 807 transierit.
398 765 434 807 ex
448 745 506 807 huc
522 749 644 824 sanguis
658 764 695 807 ac
709 748 803 825 pietas
818 747 867 809 die

211 828 357 898 colantur,
374 831 479 891 animis
494 831 560 893 odia
575 830 712 891 damnata
728 832 874 892 excidant.

173 922 199 981 a'
254 926 336 975 ΤΗΥ.
360 914 479 977 Diluere
493 932 613 994 possem
629 922 736 977 cuncta
750 917 808 976 nisi
823 915 889 976 talis
905 916 994 978 iores.

210 998 262 1059 sed
278 999 373 1061 fateor
387 1000 480 1061 Atreu
496 1000 605 1070 fateor,
621 999 727 1061 admisi
741 1000 840 1061 emnia
871 996 876 1002 ’

211 1100 287 1159 quue
303 1084 464 1145 credidisti.
495 1086 653 1163 pessimam
669 1102 789 1147 causam
804 1102 900 1147 meam
1094 1098 1115 1137 f.
1125 1097 1221 1139 cxxvi

210 1167 353 1229 hodierna
368 1170 462 1247 pietas
478 1168 556 1229 iecit.
586 1175 630 1229 est
644 1187 769 1248 prorsus
786 1187 897 1230 nocens
1147 1186 1195 1237 515

211 1252 390 1330 quicumque
406 1256 487 1315 uisus
501 1259 561 1313 tam
577 1252 657 1313 beno
671 1254 757 1315 fratri
772 1263 814 1315 est
830 1271 951 1315 nocens.

177 1369 193 1403 e
253 1336 395 1398 Lacrimis
410 1337 557 1415 agendum
574 1344 632 1399 est:
657 1338 822 1418 supplicem
838 1339 952 1417 primus
967 1337 1063 1408 uides,

210 1420 267 1482 hae
280 1427 311 1482 te
326 1429 487 1499 precantur
502 1422 628 1500 pedibus
644 1425 772 1484 intactae
786 1440 907 1485 manus:

210 1512 339 1583 ponatur
354 1508 450 1567 omnis
464 1508 508 1567 ira
524 1514 553 1567 et
568 1526 604 1567 ex
620 1509 719 1568 anime
733 1516 833 1569 tumor

211 1608 313 1651 erasus
328 1590 423 1652 abeat.
447 1590 566 1653 obsides
582 1592 651 1652 lidei
667 1593 768 1670 accipe

209 1673 265 1734 hus
279 1676 454 1737 innocentes
470 1675 571 1735 irater.

209 1771 288 1819 Aru.
425 1760 427 1763 ’
646 1759 804 1838 egenibus
819 1778 924 1822 manus

210 1843 293 1904 aufer
309 1862 450 1923 meusque
466 1845 564 1923 petius
580 1844 734 1923 amplexus
749 1853 826 1923 pete.

174 1935 196 1995 0'
250 1930 309 1989 Vos
324 1946 442 2007 quoque
458 1948 562 1990 senum
579 1930 726 2009 praesidia
743 1936 786 1990 tut
799 1931 924 1991 iuuenes
940 1948 1007 1991 mec

208 2013 336 2092 pendete
352 2011 437 2073 collo.
464 2011 626 2093 squalidam
643 2022 758 2075 uestem
775 2033 850 2077 exue

209 2096 360 2174 oculisque
376 2098 484 2158 nostris
499 2116 588 2176 parce
604 2106 633 2159 et
649 2107 771 2159 ornatus
787 2117 860 2177 cape

208 2199 296 2260 pares
311 2182 384 2241 meis
399 2180 552 2261 laetusque
567 2184 692 2244 fraterni
707 2185 815 2262 imperi

208 2283 330 2343 capesse
346 2274 471 2344 partem.
496 2269 592 2327 maior
608 2268 682 2328 haec
696 2267 761 2329 leus
776 2275 821 2329 est
835 2285 901 2329 mea

209 2350 293 2411 fratri
309 2357 466 2429 paternum
484 2351 611 2413 reddere
625 2351 768 2412 incolumi
784 2352 886 2413 decus.

211 2431 337 2517 [tubere
351 2454 478 2512 reanum
494 2455 585 2499 casus
598 2445 653 2516 est,
668 2440 768 2498 uirtus
783 2432 884 2519 darc]
1254 2445 1255 2500 ἶ

167 2534 198 2592 0¹¹
253 2533 333 2580 THY.
357 2520 392 2580 Di
407 2523 490 2599 paria
506 2522 602 2581 irater
616 2524 711 2599 pretia
727 2539 782 2600 pro
798 2524 886 2583 tantis
902 2521 955 2581 tibi
1143 2538 1196 2588 530
1253 2505 1255 2632 ⁴

210 2606 322 2665 meritis
337 2605 510 2683 rependant.
535 2605 648 2683 regiam
665 2608 769 2683 capitis
784 2614 884 2665 nutam

208 2688 327 2769 squalor
342 2698 460 2751 recusat
475 2701 577 2751 noster
593 2699 621 2753 et
636 2698 787 2768 sceptrum
803 2708 908 2751 manus

207 2775 333 2836 inlausta
349 2776 466 2854 refugit.
491 2774 579 2836 liceat
592 2775 623 2835 iu
639 2776 734 2836 media
750 2775 825 2835 milri

206 2858 299 2921 latere
314 2858 410 2920 turba.

208 2956 287 3003 Aru.
439 2945 544 3023 recipit
559 2945 615 3004 hoc
631 2962 757 3021 regnum
773 2944 857 3005 duos.

275 3112 324 3162 507
352 3111 596 3165 iecetEiaceet
615 3114 641 3163 A
680 3111 693 3179 ΙΙ
732 3117 936 3179 praestaturus
966 3119 1127 3178 praestetur

206 3176 252 3228 Εα
274 3175 287 3243 ΙΙ
309 3181 358 3230 509
377 3179 477 3230 iratum
496 3194 510 3231 ε
537 3176 549 3247 ll
582 3182 632 3233 518
654 3186 750 3231 uineis
774 3184 816 3231 uei
836 3182 931 3233 uincte
948 3185 989 3231 uel
1004 3182 1123 3248 uietep

213 3248 338 3297 intactae
350 3247 396 3297 Εα
418 3243 430 3314 l}
453 3250 503 3299 524
520 3249 658 3314 pendente
670 3246 706 3296 E¹
723 3248 842 3315 pendete
859 3249 923 3301 E³A
946 3245 959 3316 ΙΙ
986 3251 1037 3300 526
1060 3266 1127 3315 quu-

204 3317 256 3365 les
274 3318 328 3366 mei
351 3320 415 3368 sunt
435 3316 580 3383 laetusque
599 3318 624 3367 A
653 3332 737 3383 peres
758 3318 828 3367 meis
850 3318 996 3384 laetusque
1014 3319 1074 3369 llEs

204 3386 292 3435 freter
308 3393 331 3450 ψ
350 3388 456 3450 partem
476 3402 494 3435 α
525 3385 674 3435 fraternis
700 3380 713 3451 ΙΙ
740 3386 789 3436 527
814 3402 929 3452 capesse
948 3388 1035 3437 freter
1053 3403 1073 3436 α

206 3454 255 3503 529
273 3454 371 3503 caninis
387 3454 478 3503 inclini
506 3450 518 3520 1]
