2550 3917
189 157 252 223 278
467 176 498 220 n.
523 174 656 222 annam
679 176 836 226 11111111

189 317 286 385 uiuat,
304 332 357 391 per
373 314 463 375 urbes
479 321 560 375 erret
575 315 692 392 ignotas
708 333 799 394 egens

190 400 257 460 exul
273 417 386 477 pauens
402 402 515 460 inuisus
530 400 636 460 incerti
653 399 736 471 laris,

190 503 236 544 me
253 486 408 562 coniugem
425 491 523 561 optet,
539 483 629 545 limen
646 484 774 547 alienum
792 496 908 566 expetat

155 591 157 596 ’
188 572 245 629 iam
262 576 348 629 notus
365 570 489 647 bospeS,
507 586 626 647 quoque
643 588 702 629 non
718 570 796 633 aliud
813 592 919 652 queam

188 656 273 731 peius
289 656 421 732 precari,
438 653 548 715 liberos
564 654 678 715 similes
693 659 769 732 patri

187 738 357 818 similesque
372 741 468 799 matri.
500 748 583 817 parta
601 741 658 798 iam
676 750 758 817 parta
775 740 848 801 uitio
864 752 923 802 est:

189 826 301 900 peperi,
333 822 469 900 querelas
484 824 639 899 uerbaque
655 826 803 885 incassum
820 845 897 887 sero.
917 862 951 871 -

153 908 178 965 b'
231 907 295 967 Non
312 907 361 967 ibo
377 911 406 967 in
423 908 539 968 hostes?
561 909 699 969 manibus
714 911 859 970 excutiam
876 910 955 972 iaces

188 990 328 1069 caeloque
344 991 460 1053 lucem?
484 1001 597 1069 spectat
611 995 672 1054 hoc
686 996 780 1055 nostri
795 1004 875 1054 sator

188 1076 237 1136 Sol
254 1077 371 1154 generis
388 1084 417 1137 et
431 1085 582 1154 spectatur
599 1087 629 1138 et
645 1097 736 1141 curru
751 1079 881 1141 insidens
913 1121 917 1127 ·

188 1180 241 1237 ner
257 1159 341 1220 solita
357 1164 425 1241 puri
441 1162 533 1240 spatia
551 1163 685 1223 decurrit
699 1163 776 1245 pulit

187 1263 247 1305 non
264 1246 341 1306 redit
356 1249 384 1305 in
402 1255 484 1308 ortus
500 1258 528 1309 et
543 1251 699 1309 remetitur
716 1248 811 1309 diem?

186 1331 221 1389 rla
239 1330 274 1388 da
291 1348 345 1407 per
361 1349 447 1390 auras
463 1332 602 1393 curribus
618 1334 723 1411 patriis
739 1334 816 1393 uehi.

187 1418 328 1475 conmitte
346 1416 477 1477 habenas
494 1418 610 1492 genitor
629 1424 659 1477 et
673 1416 866 1495 flagrantibus

186 1499 309 1575 ignifera
325 1498 397 1560 loris
411 1501 510 1559 tribue
526 1500 677 1563 moderari
692 1505 769 1579 iuga,

187 1582 320 1662 [comino
336 1586 493 1646 Corinthos
507 1587 592 1648 litori
607 1603 765 1663 opponens
779 1604 882 1647 moros

93 1672 104 1683 '
185 1675 320 1727 cremata
333 1674 463 1745 flammis
478 1674 579 1732 maria
595 1674 761 1733 conmittet
777 1670 862 1750 duo]

152 1776 168 1806 a
228 1753 292 1811 Hoc
307 1762 399 1814 restat
414 1772 521 1825 unum,
538 1755 706 1831 pronubam
722 1754 851 1815 thalamo
866 1755 961 1815 ieram

186 1845 217 1895 ut
232 1838 293 1914 ipsa
310 1840 412 1916 pinum
429 1830 555 1917 postque
572 1840 720 1899 sacrificas
735 1857 841 1916 preces

186 1921 306 1981 caedam
323 1922 425 1981 dicatis
440 1926 577 1984 uictimas
594 1923 745 1985 altaribus.

186 2024 239 2081 1111
254 2006 371 2068 uiscera
391 2008 453 2083 ipsa
471 2026 580 2083 quaere
596 2008 741 2086 supplicio
757 2009 845 2068 uiam.

186 2090 210 2149 si
226 2090 302 2148 uiuis
318 2094 415 2151 anime
432 2093 457 2152 si
473 2092 542 2171 quid
560 2094 671 2172 antiqui
687 2092 739 2153 tibi

186 2183 321 2235 remanet
337 2178 464 2253 uigoriS‚
483 2176 559 2255 pelle
575 2179 719 2238 femineos
735 2183 840 2236 metus.

190 2257 232 2337 [ct
246 2262 457 2337 inhospitalem
474 2264 644 2325 Caucasum
659 2268 757 2322 mente
770 2259 876 2339 indue]

153 2341 176 2398 a*
231 2342 444 2424 Quodcumque
459 2347 533 2407 uidit
548 2348 661 2409 Pontus
676 2353 727 2406 aut
741 2345 843 2405 Phasis
858 2345 956 2413 nefas,

187 2426 298 2486 uidebit
313 2430 448 2492 isthmos,
481 2432 571 2491 effera
586 2434 687 2508 ignota
703 2430 827 2491 horrida

187 2513 340 2573 tremenda
357 2516 438 2575 caelo
453 2517 565 2595 pariter
581 2535 615 2576 ac
631 2516 720 2577 terris
735 2512 810 2574 maia

253 2820 286 2867 20
309 2794 384 2869 ertit
402 2820 426 2869 E
452 2818 667 2884 (1111111211.)
699 2820 772 2868 erret
790 2818 815 2866 Α
844 2814 849 2881 Ι
885 2819 918 2867 25
937 2817 1031 2882 pariat
1049 2818 1075 2866 Ε
1094 2805 1107 2880 ΙΙ

185 2884 255 2934 uitio
276 2886 299 2934 Ε
310 2881 321 2951 Η
334 2888 366 2939 29
385 2893 526 2953 spectator
545 2888 570 2939 Α
589 2885 835 2951 1111111111Ε2ε
859 2880 863 2951 Ι
886 2900 980 2935 currus
998 2885 1023 2933 E
1044 2882 1056 2951 ΙΙ
1077 2888 1110 2936 30

187 2954 266 3001 curui
288 2952 328 3002 M)
356 2951 369 3021 ΙΙ
398 2957 429 3006 31
453 2970 527 3006 nunc
550 2955 590 3005 aa
620 2969 683 3003 num
702 2954 728 3003 Α
758 2968 812 3002 non
835 2961 874 3017 ψε
902 2949 914 3018 H
943 2948 1110 3013 reslmetitur

188 3015 216 3081 (d
235 3019 315 3085 eros.)
334 3023 359 3071 Ε
371 3020 383 3087 ss
396 3026 427 3073 32
446 3023 535 3088 petris
553 3023 578 3072 A
598 3021 697 3087 patriis
715 3022 747 3072 ci.
766 3022 841 3084 Lips.
862 3016 900 3085 ‘ii
917 3021 949 3070 35
967 3020 1000 3069 36
1018 3036 1109 3070 uersus

186 3087 233 3137 hoc
257 3091 312 3139 loco
336 3092 438 3155 ineptos
460 3092 531 3154 uocis
553 3092 652 3140 inclusi.
676 3091 761 3139 nescio
784 3106 818 3137 an
841 3090 955 3152 ponendi
976 3090 1028 3137 aiat
1047 3095 1109 3152 post

186 3171 210 3203 a.
232 3156 290 3205 147.
326 3159 360 3221 os.
386 3157 457 3209 Ouid.
482 3165 538 3211 met.
569 3156 635 3207 VII.
662 3160 728 3206 395:
757 3156 976 3222 flagrantemque
1000 3155 1109 3205 domum

187 3226 262 3289 regis
280 3241 355 3275 mere
374 3226 451 3276 uidet
469 3230 621 3289 utrumque.
635 3220 648 3291 ΙΙ
661 3224 815 3274 committat
833 3225 875 3275 Αε
894 3224 1057 3274 committet
1075 3226 1106 3274 ci.

188 3326 262 3389 Lipc.
286 3323 298 3391 ΙΙ
321 3329 353 3377 37
372 3328 523 3391 pronubam
541 3324 591 3391 Ma
609 3327 763 3391 pronubam
781 3327 806 3376 A
831 3321 843 3392 ΙΙ
865 3327 899 3375 43
918 3301 1064 3375 canianum
1082 3324 1108 3374 Ε

188 3394 315 3458 (1111111.
335 3412 367 3448 m.
388 3393 417 3458 3)
441 3412 541 3447 uersum
563 3396 655 3445 deterri.
679 3390 690 3461 Η
713 3397 748 3443 44
771 3394 868 3459 phasis
891 3396 940 3441 aut
961 3397 1063 3457 pontus
1082 3394 1107 3442 Α

186 3463 286 3521 pontus
305 3478 330 3511 a.
350 3462 396 3525 ph.
418 3462 441 3509 Ε
466 3459 478 3527 ΙΙ
