2550 3917
562 187 760 236 Autumno

201 347 262 390 uun
278 331 365 391 niuea
379 325 481 406 proles
497 326 611 406 Cycnus
626 329 768 405 aequorei
783 327 845 396 dei,
925 319 937 347 ⁹

201 431 263 475 non
277 411 421 474 bellicose
436 411 564 472 Thressa
580 431 647 473 cum
665 412 763 473 Rheso
779 410 923 489 phalanx,

201 517 264 559 nnn
279 499 355 576 picta
373 497 530 576 pharetras
542 504 573 558 et
587 498 759 579 securigera
774 514 863 558 mauu

201 582 311 663 peltata
327 586 471 645 Amazon:
494 582 574 644 hunc
590 581 672 642 demi
685 583 828 643 reducem
844 598 933 660 paras
1100 593 1123 640 r.
1137 595 1185 637 cvr

201 674 333 729 mactare
349 675 378 728 et
390 685 459 728 aras
474 666 565 728 caede
580 665 730 728 maculare
746 667 843 745 inpia‘t
1136 679 1187 731 220

245 752 354 812 Victrix
370 750 494 812 inultum
510 751 633 812 Graecia
648 750 706 811 hcc
722 751 837 812 iaciuus
851 752 944 812 serati

202 854 295 917 eques
311 846 341 897 et
355 855 437 897 arma
453 835 654 914 classibusque
668 835 796 896 horrens
811 838 922 897 fretum

202 938 338 1001 propone
354 931 383 983 et
397 920 455 981 alte
471 921 614 998 sanguine
631 920 785 982 exundans
799 919 910 1006 solnm·

202 1013 234 1066 et
247 1014 309 1066 tcta
325 1014 428 1086 captae
443 1005 502 1066 iata
518 1005 678 1066 dardaniae
693 1005 799 1066 demus

202 1099 318 1168 regesta
334 1090 449 1152 Danais.
480 1091 635 1169 conprime
651 1089 785 1150 adiectus
799 1098 900 1152 truces

202 1182 391 1254 mentemque
405 1175 521 1236 tibimet
534 1176 599 1253 ipsa
614 1175 735 1252 pacifica
751 1182 843 1236 tuam.

329 1440 536 1489 audiuimus,
559 1437 823 1502 curreutesutte.
846 1441 989 1488 uvumx.

244 1596 330 1668 Quod
344 1605 461 1674 tempus
476 1599 575 1657 animo
590 1614 710 1674 semper
725 1615 760 1658 ac
774 1605 874 1657 mente
889 1596 1007 1666 horrui,

199 1682 285 1743 adest
299 1681 434 1761 proiecto
449 1681 539 1742 rebus
555 1689 721 1742 extremum
736 1683 821 1742 meis.

199 1766 271 1846 quid
287 1772 371 1844 terga
386 1768 478 1827 uertis
493 1767 608 1827 anime?
632 1766 702 1844 quid
718 1766 814 1844 primo
829 1767 940 1844 impetu

199 1851 327 1930 depeuis
342 1852 442 1910 armai
466 1851 555 1911 crede
571 1851 734 1928 perniciem
750 1850 803 1910 tibi

199 1944 231 1997 ct
246 1934 310 1995 dira
326 1951 430 1996 saeuos
446 1935 505 1996 iata
521 1934 621 1996 moliri
636 1933 720 1995 deos.

199 2037 318 2098 eppone
334 2021 446 2080 cunctis
462 2019 520 2080 uiie
536 2018 687 2098 suppliciis
701 2027 790 2096 caput

200 2104 374 2182 ferrumque
389 2113 419 2165 et
431 2105 515 2182 ignes
531 2111 654 2181 pectore
669 2103 797 2164 aduerso
813 2105 924 2182 excipe.

198 2189 338 2266 Aegisthe
353 2206 413 2248 non
430 2196 474 2250 est
487 2206 584 2268 poena
599 2188 643 2248 sic
658 2196 726 2248 nato
740 2189 826 2248 meri.

243 2273 288 2334 'l'u
304 2291 358 2332 nos
373 2272 477 2351 pericli
491 2275 571 2334 sccia
586 2280 619 2334 ιιι
633 2272 713 2333 Leda
729 2280 792 2333 sata

199 2359 341 2419 comitare
356 2363 484 2418 tantum:
509 2359 681 2435 sanguinem
698 2356 804 2417 reddet
817 2357 871 2418 tibi

197 2444 324 2520 ignauus
338 2443 393 2502 iste
410 2441 515 2502 ducier
531 2461 565 2502 ac
580 2441 666 2502 iuriis
679 2451 774 2520 pater.

198 2526 251 2588 sed
267 2526 336 2606 quid
352 2533 515 2587 trementes
530 2527 636 2587 circuit
650 2524 746 2605 pallor
761 2542 868 2602 genas,

197 2613 357 2690 iacensque
373 2609 473 2672 uultus
486 2610 625 2689 languide
641 2617 745 2688 optutu
759 2611 877 2688 stupet?

241 2707 339 2755 curu.
363 2695 454 2756 Amor
469 2695 573 2774 iugalis
588 2696 681 2756 uincit
695 2713 730 2755 ac
743 2695 836 2756 flectit
849 2703 938 2757 retro.

198 2779 370 2840 reiercmur
385 2779 470 2849 iiiuc,
486 2779 566 2840 uude
581 2797 642 2840 nen
657 2779 756 2840 decuit
770 2781 854 2858 prius

198 2863 289 2925 abire.
321 2862 367 2924 uei
384 2882 464 2924 nunc
479 2871 558 2925 casta
575 2872 725 2943 repetatur
740 2863 822 2924 fides.

264 3070 313 3119 221
333 3068 440 3118 Victrix
457 3065 483 3118 E
501 3066 592 3118 Vltrix
609 3067 634 3116 A
658 3063 671 3133 ΙΙ
694 3069 745 3117 223
762 3067 815 3119 Pro
836 3083 889 3118 one
907 3082 921 3119 ε
933 3069 956 3119 R
969 3069 1052 3120 Baeit
1065 3087 1115 3136 my.

196 3135 341 3202 Prnepnue
360 3136 385 3185 Α
408 3131 420 3200 Η
444 3136 494 3184 226
512 3132 585 3200 ipse)
609 3151 625 3199 p
644 3138 671 3185 in
687 3149 740 3184 ras.
759 3135 796 3185 E²
817 3084 834 3201 ΓΙ
852 3135 991 3186 NVTRIX
1010 3139 1071 3188 add.
1090 3138 1116 3187 Ε

195 3218 243 3255 om.
260 3205 285 3254 Α
309 3201 322 3270 tt
345 3205 396 3254 esc
412 3203 535 3268 perennc
552 3203 604 3251 tibi
621 3203 647 3252 e
669 3200 682 3269 u
705 3204 755 3252 aec
773 3202 853 3256 cur.
872 3203 896 3252 Α
915 3220 963 3256 on.
981 3205 1007 3254 n
1029 3202 1042 3272 ιι
1064 3207 1116 3258 aas

196 3271 280 3324 aud.
298 3271 323 3322 A
341 3287 390 3326 cm.
409 3270 435 3320 Ε
446 3267 458 3336 ΙΙ
470 3273 520 3322 239
537 3270 631 3320 uultus
649 3272 780 3334 chinsica
796 3270 878 3320 uultu
894 3273 919 3323 A
931 3268 944 3337 [Ι
961 3277 1073 3337 optutus
1090 3273 1116 3323 Ε

198 3338 307 3391 obtutus
326 3340 351 3390 A
371 3339 472 3390 obtutu
489 3339 525 3388 Li
545 3341 606 3390 ritu.
617 3334 631 3404 ss
646 3339 695 3388 241
713 3337 875 3389 Referemus
893 3340 919 3389 E
937 3341 1045 3391 Referu
1052 3357 1116 3391 mur

196 3405 294 3524 Ingn.
310 3407 476 3540 Rffmeemus
489 3405 513 3455 Α
524 3355 599 3472 sitit
618 3407 668 3456 aed
685 3419 759 3456 nunc
770 3405 822 3456 ΕΑ
840 3406 887 3456 uel
898 3423 971 3458 nunc
983 3410 1010 3460 in
1022 3412 1115 3474 optimo

196 3479 216 3521 t.
253 3491 309 3526 ren.
