2550 3917
403 203 791 287 uuncvnns[oersuvs]
992 201 1057 268 425

138 375 265 438 pensare
281 359 399 418 merita.
431 377 513 425 mers
529 360 585 419 erit
600 360 729 436 pretium
746 359 887 418 emnium.
1075 367 1142 416 1340

138 455 243 504 encre.
262 461 334 521 quas
350 445 456 503 misera
473 451 569 504 terras
584 450 680 504 mater
694 441 813 504 Alcidae
827 442 945 520 petam?

138 527 191 588 ubi
206 535 294 588 natus
310 527 451 587 ubinam?
474 535 554 589 certa
570 529 595 587 si
610 529 693 589 uisus
708 534 804 598 notat,

138 611 258 672 reclinis
274 629 353 674 ecee.
384 613 474 673 corde
491 612 650 673 anhelante
665 619 794 681 aestuat,

138 697 244 775 gemit:
267 702 419 776 peractum
437 704 489 757 est.
520 697 655 757 membra
672 696 831 774 complecti
844 694 947 758 ultima

138 800 155 840 ε
173 781 240 841 nate
256 779 357 851 liceat,
375 783 496 860 spiritus
510 782 628 860 fugiens
643 800 711 843 meo
1076 789 1142 840 1345

137 865 253 943 legatur
269 884 332 927 ere.
362 866 502 927 bracchia
518 866 657 944 amplexu
673 885 754 946 cape.
1048 879 1070 922 F.
1086 878 1138 920 CLV

138 949 189 1009 ubi
204 950 339 1010 membra
355 953 443 1011 sunt?
466 951 518 1010 ubi
534 950 581 1010 illa
597 969 674 1030 quae
689 951 833 1012 mundum
849 950 916 1011 tulit

138 1033 286 1112 stelligera
304 1036 425 1096 ceruix?
449 1037 514 1114 quis
530 1035 582 1096 tibi
597 1037 734 1113 exiguam
749 1037 792 1095 tni

117 1151 124 1162 ·
137 1128 254 1198 partem
271 1118 408 1199 reliquit?

136 1215 241 1263 Hune.
447 1203 606 1265 Herculem
623 1212 741 1282 spectas
755 1203 875 1284 quidem

138 1295 233 1348 mater
249 1287 301 1348 scd
319 1287 455 1349 umbram
472 1298 501 1349 et
516 1288 575 1348 uile
590 1290 692 1348 neseio
707 1289 777 1366 quid
792 1290 865 1349 meiz
1075 1298 1141 1348 1350

138 1390 267 1450 agnosce
283 1381 393 1441 mater,
410 1391 462 1433 ora
478 1373 548 1451 quid
563 1372 659 1432 flectis
672 1381 757 1433 retro

138 1455 310 1535 uultumque
327 1459 454 1534 mergis?
476 1457 635 1518 Herculem
652 1457 711 1518 dici
727 1465 811 1519 tuum

137 1549 254 1620 partum
271 1541 441 1602 erubescis?

139 1637 246 1685 Ancus.
482 1627 548 1704 quis
564 1626 659 1687 leram
675 1627 806 1687 mundus
821 1643 929 1686 nouam

138 1728 216 1788 quae
230 1716 310 1770 terra
327 1711 429 1787 genuit
443 1709 563 1787 quodue
578 1717 636 1770 tam
654 1710 750 1772 dicum
767 1711 850 1772 nelas

138 1795 177 1854 de
192 1800 221 1853 ιε
236 1794 416 1873 triumphat?
438 1797 534 1854 uictor
550 1795 709 1855 herculeus
724 1797 790 1874 quis
805 1796 868 1857 est?
1076 1805 1142 1856 1355

138 1890 243 1937 nune.
260 1887 370 1956 nuptae
386 1880 531 1939 iacentem
547 1881 646 1940 cernis
660 1879 783 1940 Alciden
799 1879 884 1940 dolis.

138 1975 246 2022 Ancm.
264 1965 329 2042 quis
346 1971 443 2023 tantus
459 1971 503 2024 εει
519 1965 569 2042 qui
583 1966 684 2024 uineat
699 1963 819 2024 Alciden
835 1964 939 2024 delus?

137 2059 242 2107 Hune.
260 2048 434 2126 cuicumque
450 2056 547 2110 mater
561 2050 671 2109 femina
687 2051 761 2109 irata
776 2057 822 2109 εει
835 2054 906 2110 satis

137 2144 246 2192 Auem.
263 2141 293 2192 et
306 2132 385 2192 unde
401 2134 429 2191 in
447 2139 529 2194 artus
544 2134 635 2210 pestis
651 2142 702 2193 aut
717 2151 782 2194 ossa
798 2133 919 2194 incidit?

137 2229 243 2276 nnnc.
260 2215 370 2276 aditum
386 2219 509 2278 uenenis
525 2217 602 2294 palla
619 2217 746 2278 leminea
763 2218 889 2280 addidit.
1077 2229 1143 2279 1360

135 2337 344 2344 ——--.—--—

208 2387 275 2436 1340
287 2385 410 2435 Pensere
423 2385 448 2434 E
460 2385 583 2436 Pensate
598 2388 621 2435 A
634 2383 647 2452 l]
659 2386 793 2436 Alcmena
805 2387 942 2439 Hercules
957 2389 978 2439 R
995 2387 1059 2438 Alc-

133 2469 227 2504 mene.
246 2453 398 2503 Hercules.
417 2454 484 2502 Ylus
504 2454 584 2506 Gom.
598 2454 650 2504 EA
662 2451 674 2519 ll
687 2456 751 2505 1341
765 2455 899 2504 Alcmena
910 2457 934 2506 R
950 2456 1059 2506 Alcme-

134 2537 190 2572 nae
216 2526 282 2570 nolu
298 2521 389 2585 praef.
412 2520 476 2571 ΕΑ
497 2517 510 2588 Il
539 2522 681 2584 lecevbi
700 2523 774 2571 intus
794 2523 858 2583 (om.
877 2523 935 2588 est)
955 2524 981 2572 Ε
1004 2524 1058 2573 Vbi

133 2594 219 2638 natus
239 2593 280 2637 εει
299 2589 324 2639 A
335 2583 348 2654 ss
361 2589 427 2638 1343
444 2588 568 2639 Reclinis
585 2589 610 2637 E
621 2590 646 2638 A
664 2589 787 2639 Recliuis
804 2586 851 2655 ψΙ]
865 2584 1014 2641 anhelante
1033 2591 1058 2641 Ε

135 2655 327 2706 anhelantia?
352 2651 363 2722 Η
388 2657 454 2706 1344
472 2657 610 2706 ultimum
627 2656 678 2709 Bo.
698 2653 710 2723 ΙΙ
735 2660 801 2707 1346
819 2657 936 2707 brachie
955 2661 984 2708 et
1001 2673 1058 2707 em-

133 2724 235 2788 plexus
258 2739 328 2788 cape
352 2723 377 2772 Ε
406 2724 447 2773 br.
467 2724 496 2773 in
515 2739 540 2776 ε.
561 2739 584 2777 c.
603 2726 628 2774 A
659 2725 777 2775 brechia
801 2724 934 2789 amplexu
954 2726 1058 2776 Gratim

131 2792 284 2852 bracchia,
305 2790 445 2855 amplexus
458 2807 526 2856 cepe
545 2793 598 2843 ult.
615 2793 681 2855 fort.
702 2791 836 2842 bracchia
854 2792 888 2841 in
905 2791 1058 2857 planctus

133 2867 1058 2959 mmwmffiummmmwmmmmmm

132 2962 226 3011 feram
238 2959 355 3009 mundus
367 2975 467 3010 nouem
503 2961 588 3009 HER.
602 2959 752 3010 Herculem
766 2965 878 3026 spectes
891 2961 1000 3025 quidem
1012 2961 1038 3010 Ε
1049 2958 1058 3027 ΙΙ

133 3029 204 3079 1350
221 3027 346 3076 umbram
366 3033 393 3078 ει
410 3028 467 3078 uile
486 3029 511 3077 Ε
531 3025 720 3091 (umbretuile
733 3028 758 3078 Ε
771 3038 789 3078 t.
804 3029 860 3088 Gr.)
879 3029 920 3077 ΕΕ
942 3029 1056 3079 umbrae

131 3095 226 3146 simile
244 3096 270 3145 A
287 3096 291 3157 Ι
306 3109 367 3145 mee
385 3097 409 3145 l?
424 3092 437 3162 ΙΙ
458 3097 523 3146 1352
541 3097 644 3160 mergis
661 3095 687 3145 Ε
709 3098 808 3162 uergis
827 3097 903 3146 ΝΗε.
928 3109 1057 3145 maerens

132 3165 158 3213 A
171 3160 185 3230 [Ι
199 3163 266 3214 13ὂὸ
283 3164 374 3212 uictor
390 3162 538 3214 herculeus
556 3163 581 3211 Ε
595 3166 619 3212 Α
637 3165 731 3213 uictor
741 3163 881 3213 Herculis
901 3163 1058 3214 GFadricius

130 3249 170 3282 erc
201 3233 314 3296 antiquis
340 3234 404 3281 conl.
434 3248 459 3280 u.
480 3232 546 3281 1484
575 3230 717 3281 Herculis
746 3232 838 3283 uictor
859 3230 1027 3281 Scrdaerr'unu
1049 3229 1058 3296 ΙΙ

132 3300 204 3350 1358
223 3297 394 3362 Cuicumque
413 3315 449 3348 m.
462 3299 567 3349 femina
585 3299 659 3348 irate
677 3303 723 3348 εει
741 3305 784 3350 εει
800 3299 826 3348 Ε
845 3303 889 3350 εει
906 3300 983 3349 setis
1004 3299 1056 3350 Gli.

132 3369 303 3430 Quicunque
322 3382 358 3416 m.
376 3366 499 3417 feminee
518 3367 609 3416 iretse
627 3371 675 3416 sut
692 3371 735 3416 εει
753 3369 777 3416 Α
796 3365 819 3485 ᾹΙ
849 3369 915 3419 1359
937 3368 975 3416 Et
995 3366 1022 3415 Ε
1033 3366 1057 3416 I?

129 3436 170 3484 At
189 3436 216 3486 A
236 3430 249 3501 Ι]
270 3435 338 3484 1360
356 3434 477 3485 leminea
494 3434 555 3484 ER
571 3435 703 3485 femineis
722 3436 747 3485 A
764 3431 776 3501 H
816 3434 873 3486 edit
891 3452 913 3486 ω
931 3434 1057 3485 eddidit

128 3505 236 3568 scripst.
262 3499 274 3568 ll
