2550 3917
540 206 663 253 nunna
995 187 1058 253 279

150 366 229 409 mens
243 349 321 407 intus
337 348 441 423 agitat,
458 344 581 404 uulnera
598 352 624 404 et
640 344 760 404 caedem
777 349 807 403 et
821 342 930 420 uagum

150 435 233 493 funus
249 451 301 511 per
319 440 408 491 artus.
439 428 516 489 leuia
533 430 696 488 memoraui
711 429 811 488 nimis:

150 518 219 578 baec
236 520 319 594 uirgo
334 517 406 585 leci,
423 514 542 591 grauior
559 522 683 590 exurgat
698 512 792 573 dclcr.

119 603 150 661 a''
190 602 298 661 Maiora
315 602 372 661 iam
388 618 435 659 me
449 597 562 657 scelera
578 608 647 675 pest
661 604 762 675 partus
777 598 897 659 decent:
1077 609 1110 656 50

149 687 300 763 accingere
316 688 359 745 ira
375 691 464 763 teque
480 685 509 741 in
527 684 649 742 exitium
665 701 737 761 para

149 771 248 831 lurore
264 778 333 830 tcto.
366 770 446 848 paria
462 775 621 828 narrentur
635 774 685 827 tua

148 854 268 933 repudia
285 854 431 914 thalamis.
463 870 520 930 quc
536 853 634 912 uir'um
650 852 758 930 linquis
773 849 880 910 madet

149 939 204 999 bcc
220 958 278 1016 quc
295 946 393 997 secuta
412 954 453 997 es.
485 954 591 1014 rumpe
606 938 666 996 iam
683 952 788 1011 segnes
805 952 916 994 maras:

149 1042 222 1101 quae
237 1023 350 1084 scelere
366 1017 449 1101 parta
466 1030 523 1089 est,
540 1020 654 1081 scelere
669 1019 829 1099 linquenda
845 1026 890 1080 est
904 1017 1023 1101 domus
1078 1032 1111 1080 55

530 1285 676 1333 CHORVS.

120 1470 135 1502 a
277 1444 321 1504 Ad
336 1461 440 1520 regum
458 1441 601 1502 thalamos
618 1443 739 1501 numine
754 1458 900 1519 prospero

234 1531 284 1608 qui
299 1527 412 1588 caelum
430 1528 530 1604 superi
545 1527 655 1604 quique
670 1534 778 1602 regunt
793 1526 902 1586 fretum

234 1613 327 1673 adsint
344 1630 409 1672 cum
427 1609 544 1690 pupulis
559 1612 614 1670 rite
631 1609 807 1669 fauentibus.

279 1782 412 1840 Primum
428 1778 609 1857 sceptriferis
625 1776 699 1837 colla
716 1777 887 1838 tonantibus

237 1876 339 1925 taurus
355 1861 432 1922 celsa
448 1864 524 1923 ferat
539 1868 659 1938 tergore
675 1862 813 1931 candido,

235 1950 375 2009 Lucinam
393 1948 471 2007 niuei
487 1948 594 2006 semina
611 1948 747 2024 corporis

236 2036 406 2111 intemptata
422 2034 491 2107 iugc
507 2030 604 2109 placet
620 2038 648 2091 et
664 2049 784 2108 aspera.

279 2200 380 2261 Martis
395 2200 570 2277 sanguineas
586 2218 662 2276 quae
677 2198 796 2259 cohibet
810 2217 930 2268 manus,

236 2304 314 2363 quae
330 2285 380 2344 dat
395 2283 545 2359 belligeris
561 2283 681 2344 foedera
697 2284 834 2361 gentibus

237 2377 267 2429 et
282 2387 374 2429 cornu
391 2369 498 2428 retinet
514 2368 605 2428 diuite
621 2370 752 2445 copiam,

237 2454 363 2514 donetur
380 2460 481 2513 tenera
499 2454 598 2512 mitior
614 2452 718 2513 hostia.

284 2622 326 2681 llt
340 2627 377 2681 tu
394 2621 455 2699 qui
471 2619 584 2681 lacibus
600 2620 738 2697 legitimis
753 2620 823 2682 ades

238 2713 355 2766 noctem
374 2706 534 2766 discutiens
550 2707 670 2783 auspice
686 2706 821 2776 dextera,

237 2791 296 2850 buc
311 2790 414 2850 incede
430 2790 523 2867 gradu
540 2790 688 2850 marcidus
704 2790 788 2851 ebrio

237 2876 431 2953 praecingens
448 2891 535 2935 roseo
552 2882 687 2950 tempora
701 2874 831 2935 uinculo.

220 3148 252 3195 47
272 3160 359 3209 uagos
379 3160 397 3193 α
409 3140 421 3209 Η
433 3146 465 3195 53
484 3144 591 3208 linques
610 3146 636 3193 Α
655 3136 759 3208 linquis
777 3141 840 3210 eqtll
852 3146 884 3195 55
903 3146 989 3208 pacta
1007 3142 1070 3204 ΕΕψ

141 3218 236 3275 ¹parta
253 3213 306 3261 EA
330 3209 342 3278 Η
365 3211 470 3261 scelere
488 3215 630 3275 rumpetur
648 3211 716 3261 fides
734 3212 774 3261 na
791 3228 830 3261 sc.
850 3212 990 3274 linquetur
1008 3206 1071 3271 (lin-

155 3285 255 3343 quatur
273 3280 308 3344 ψ)
328 3281 422 3329 domus
441 3280 465 3327 A
485 3295 521 3328 sc.
540 3279 692 3342 linquenda.
711 3284 753 3329 est
772 3279 867 3329 domus
884 3279 910 3328 Ε
933 3275 945 3344 ΙΙ
968 3279 1000 3328 59
1020 3277 1072 3341 pri-

156 3364 212 3398 mus
225 3350 249 3399 Α
269 3349 385 3413 primum
397 3347 423 3395 E
434 3342 445 3412 ll
461 3347 492 3395 61
513 3347 644 3395 feminam
656 3346 681 3394 Ε
692 3343 704 3412 Η
720 3348 753 3397 62
771 3347 874 3412 placet.
894 3350 922 3396 et
941 3345 1034 3410 asperi
1051 3361 1091 3397 aa.

155 3430 222 3467 corr.
241 3417 307 3465 ΕΡ.
328 3417 385 3465 coll.
408 3416 486 3479 Verq.
508 3416 600 3479 Georg,
623 3415 682 3464 III.
695 3418 742 3465 56:
761 3420 809 3465 aut
827 3416 893 3481 iuga
911 3414 1072 3465 detractans

156 3483 344 3548 interdumque
366 3498 465 3547 aspera
484 3497 575 3535 cornu.
600 3478 613 3548 Ι]
