2550 3917
188 194 250 260 150
459 212 490 259 n.
515 212 648 259 Annum
672 213 828 260 sennenn

110 354 124 368 ”
185 357 215 410 at
229 352 254 409 si
270 352 335 428 quis
350 350 428 411 ultro
444 370 476 412 se
491 351 576 411 malis
591 353 679 412 ollert
693 352 797 414 uolens

185 453 276 514 seque
292 436 354 514 ipse
369 442 505 514 torquet,
522 436 649 514 perdere
666 445 710 497 est
724 438 830 516 dignus
845 438 922 499 borra

185 521 251 598 quis
266 522 426 581 nescituri.
458 523 556 600 potius
572 539 717 582 annorum
734 541 848 583 mernor

185 612 314 665 mentem
330 604 448 666 relaxa:
472 605 610 667 noctibus
625 607 708 668 lestis
723 608 818 668 lacem

183 688 300 760 attolle,
325 708 411 750 curas
426 690 562 751 Bacchus
578 700 722 752 exoneret
737 710 860 770 graues,

184 782 279 834 aetate
295 775 411 836 fruere:
434 775 535 836 mobili
551 794 642 836 cursu
657 777 741 855 lugit.

148 859 192 917 ἐν
229 859 313 920 Nunc
329 858 413 920 lacile
428 867 531 938 pectus
547 871 629 938 grata
647 879 726 922 nunc
741 863 841 922 iuueni
858 864 970 922 Venus:

184 943 294 1004 exultet
308 945 432 1012 animus.
463 964 517 1005 our
533 953 599 1004 toro
614 946 706 1006 uiduo
722 947 817 1006 iaces?

184 1030 298 1089 tristem
313 1029 464 1090 iuuentam
480 1029 578 1099 solue,
602 1047 682 1090 nunc
699 1040 804 1092 cursus
819 1049 892 1109 rape

184 1112 302 1172 effunde
317 1113 448 1174 habenas
464 1116 591 1192 optimos
605 1117 685 1175 uitae
700 1116 763 1176 dies

183 1196 307 1257 ellluere
323 1197 460 1276 prohibe.
490 1200 608 1277 propria
624 1200 780 1278 descripsit
795 1201 868 1261 deus

183 1281 277 1342 officia
295 1289 323 1342 et
338 1301 445 1343 aeuum
461 1301 515 1360 per
531 1301 600 1345 suos
616 1284 699 1345 duxit
713 1285 831 1362 gradus.

178 1363 290 1426 laetitia
305 1368 458 1438 iuuenem,
475 1369 559 1427 lrons
573 1369 659 1430 decet
674 1370 764 1429 tristis
779 1388 890 1430 senem.

140 1451 173 1510 e''
228 1449 303 1520 Quid
319 1459 347 1510 te
363 1451 505 1512 coherces
522 1460 551 1512 et
565 1471 653 1513 necas
668 1464 779 1526 rectam
796 1453 945 1515 indolem?

181 1553 266 1612 seges
281 1534 329 1595 illa
347 1555 486 1614 magnum
502 1538 588 1598 lenus
603 1538 751 1615 agricolae
768 1538 848 1598 dabit

183 1638 388 1699 quaecumque
405 1620 490 1682 laetis
504 1630 606 1683 tenera
622 1622 752 1684 luxuriat
766 1625 836 1683 salis

182 1703 331 1784 arborque
347 1704 426 1766 celso
442 1709 554 1767 uertice
570 1710 690 1768 euincet
705 1726 809 1768 nemus

181 1807 269 1867 quam
286 1808 345 1850 nou
361 1789 488 1868 maligna
503 1792 599 1852 caedit
612 1800 663 1852 aut
678 1800 793 1852 resecat
808 1811 922 1854 manus

181 1875 300 1952 ingenia
315 1874 420 1935 melius
435 1883 514 1935 recta
531 1894 563 1936 se
579 1879 609 1937 in
624 1876 727 1937 laudes
742 1877 842 1938 lerunt
860 1883 861 1888 ’

182 1960 207 2019 si
222 1958 351 2019 nobilem
368 1962 496 2020 animum
513 1970 616 2039 uegeta
631 1961 753 2022 libertas
769 1961 828 2021 alit.

140 2053 154 2102 f
225 2042 423 2106 Truculentus
440 2053 469 2104 et
484 2045 620 2106 siluester
636 2065 670 2106 ac
686 2048 764 2106 uitae
779 2048 889 2107 inscius
906 2065 909 2073 ¹

182 2128 296 2208 tristem
312 2130 467 2191 inuentum
483 2132 599 2191 Venere
614 2132 731 2192 deserta
748 2130 829 2191 colis.

182 2211 239 2271 boc
256 2230 319 2273 esse
335 2232 442 2276 munus
458 2215 555 2275 credis
569 2216 711 2277 indictum
728 2216 815 2284 uiris,
894 2259 897 2267 .

183 2304 215 2356 ut
231 2297 303 2357 dura
320 2297 448 2359 tolerent
463 2300 600 2360 cursibus
616 2301 759 2360 domitent
774 2319 866 2378 equos

182 2389 211 2440 et
227 2399 313 2443 saeua
330 2382 407 2443 bella
423 2385 516 2445 Marte
531 2386 694 2461 sanguineo
709 2385 831 2462 gerant?

146 2492 164 2540 g
224 2467 354 2528 Excedat
369 2468 494 2546 agedum
511 2468 602 2529 rebus
616 2468 754 2530 bumanis
769 2470 868 2529 Venus

181 2569 256 2628 quae
271 2552 388 2629 supplet
403 2571 438 2611 ac
453 2555 580 2613 restituit
595 2554 769 2614 exhaustum
785 2571 893 2630 genus:

181 2635 262 2695 orbis
276 2637 382 2695 iacebit
397 2636 530 2716 squalido
546 2639 641 2715 turpis
657 2640 730 2705 situ.

178 2738 307 2782 uacuum
323 2723 388 2780 sine
403 2720 470 2780 ullis
486 2721 629 2782 classibus
645 2720 733 2782 stabit
748 2740 829 2782 mare

179 2804 299 2882 alesque
315 2804 398 2866 caelo
413 2805 490 2866 derit
505 2813 534 2866 et
548 2806 629 2867 siluis
645 2807 707 2868 lera

179 2889 249 2950 solis
265 2898 295 2950 et
310 2896 362 2950 aer
377 2891 500 2968 peruius
515 2893 611 2951 uentis
627 2894 692 2951 erit.

371 2984 383 3020 ἱ

246 3162 296 3209 449
315 3162 375 3210 anti
386 3160 421 3209 ΕΙ
441 3167 471 3211 at
487 3165 512 3212 si
530 3162 566 3212 Ε3
577 3160 589 3229 ll
601 3166 651 3214 452
670 3165 808 3214 montibus
821 3166 845 3215 A
865 3165 992 3215 noctibus
1005 3165 1070 3216 EdE

178 3229 229 3278 457
246 3227 325 3277 luxus
344 3229 369 3277 A
392 3229 511 3292 lusueu
534 3246 631 3281 cursus
649 3231 674 3280 E
699 3228 763 3296 (cpe.
782 3249 799 3282 a
818 3237 835 3284 3
853 3249 901 3283 nn:
920 3237 963 3294 ,et
981 3232 1068 3296 lusus)

178 3296 229 3344 460
247 3296 323 3345 ducit
341 3312 360 3346 α
379 3297 456 3348 duxit
473 3299 523 3361 Εψ
546 3296 558 3364 ΙΙ
580 3303 630 3349 462
650 3298 787 3350 cohercdus
804 3300 830 3350 Ε
847 3297 859 3367 ΙΙ
878 3303 929 3351 465
948 3302 1054 3352 euincit
1071 3303 1097 3350 A

179 3363 291 3412 euincet
304 3364 329 3413 E
340 3360 352 3428 ΙΙ
363 3366 413 3416 469
433 3382 447 3416 e
460 3367 537 3416 uitae
550 3368 575 3416 A
595 3384 629 3417 ac
642 3367 718 3418 uitae
732 3369 757 3416 E
768 3365 780 3433 Η
791 3371 842 3419 470
855 3369 930 3419 coles
949 3369 974 3418 E
985 3367 997 3434 ll
1013 3371 1099 3420 474-

178 3432 228 3479 476
250 3440 309 3495 poce
332 3449 356 3480 n.
376 3436 427 3482 484
444 3436 560 3498 relepaui
576 3443 682 3486 auctore
701 3436 767 3485 ΕΡ.
791 3432 803 3501 [l
831 3439 880 3487 478
903 3436 1028 3486 restituit
1047 3439 1072 3487 Ε
1090 3434 1099 3502 ll

178 3497 324 3549 humanum
346 3501 369 3548 A
392 3501 551 3550 exlreustum
571 3515 583 3551 ε
606 3500 618 3566 ll
