2550 3917
391 1046 747 1131 {PRAEFATIOl

148 1386 262 1459 Decem
274 1398 391 1461 iliarum.
408 1401 467 1455 siue
480 1399 604 1455 undecim
616 1397 707 1454 dicere
719 1402 816 1461 mauis,
833 1401 1035 1475 tragoediarum

84 1502 148 1541 cum
163 1486 191 1540 b.
207 1486 310 1539 Annaei
327 1483 444 1540 Senecae
466 1486 575 1541 nomine
596 1482 629 1539 ab
651 1483 848 1556 antiquissimis
863 1486 1034 1559 temporibus

83 1572 293 1627 coniuncturum
315 1566 457 1641 duplex
478 1577 521 1624 est
543 1570 570 1623 in
586 1566 665 1622 libris
682 1583 762 1622 manu
780 1571 890 1643 scriptis
905 1569 1034 1627 textua

81 1650 278 1723 recensio,
302 1652 386 1707 altera
410 1646 475 1728 [E]
499 1652 682 1713 emendatior,
710 1652 830 1708 deterior
850 1653 933 1709 altera
957 1648 1033 1730 [A].v

82 1748 202 1811 utraque
215 1738 310 1811 primis
326 1738 407 1792 buius
423 1739 519 1792 aetatis
532 1736 649 1793 saeculis
665 1736 788 1793 oriunda.
812 1738 853 1793 Ad
869 1737 942 1793 iilam
957 1754 1035 1813 prae·

81 1829 304 1895 terexcerpta
321 1821 458 1877 codicis
471 1822 613 1877 tbuanei
626 1838 698 1877 unus
709 1823 829 1895 pertinet
840 1821 1034 1879 codexbtru-

81 1926 165 1964 sous
196 1908 254 1961 siue
280 1905 514 1961 Florentinus
541 1906 727 1961 laurentianae
753 1906 936 1963 bibliothecae
964 1908 1034 1981 plut.

79 1987 210 2052 XXXVII.
228 1990 282 2051 13,
304 1990 386 2045 buius
411 1990 604 2062 -uolgarem
626 1990 797 2046 dicimus-
821 2000 850 2047 et
870 1992 883 2046 i
888 1990 957 2046 olia
978 1983 1033 2046 re'-

79 2078 180 2149 scrip
191 2083 224 2130 ta
240 2081 303 2129 sunt
315 2092 329 2130 a
341 2074 481 2131 Friderico
493 2074 642 2131 Bitscbelio
658 2077 731 2130 inter
746 2075 933 2131 ambrosianas
945 2075 1034 2131 Plauti

77 2160 254 2217 membranas
276 2168 383 2233 reperta
405 2168 432 2215 et
454 2159 516 2214 alii
539 2167 716 2233 quotquot
733 2168 781 2215 aut
796 2162 847 2233 ipsi
865 2160 1032 2234 inspeximus

77 2253 129 2313 ant
151 2244 184 2301 ab
206 2242 266 2300 aliis
291 2244 430 2318 inspectos
452 2246 553 2300 scimus
576 2244 678 2300 saeculi
699 2244 744 2299 uel
763 2261 837 2301 11111
859 2245 904 2300 uel
926 2262 968 2301 xv
989 2244 1034 2299 uel

75 2347 134 2387 xvr
151 2330 210 2384 iere
226 2322 364 2399 omnes*).

144 2414 264 2469 Prorsus
280 2412 388 2469 diuersa
403 2428 464 2469 esse
486 2414 559 2470 inter
575 2430 604 2469 se
619 2413 674 2469 dno
690 2430 760 2486 quar
775 2413 892 2469 diximus
908 2413 1033 2469 codicum

74 2512 245 2571 generares
263 2506 305 2551 est
320 2497 500 2571 apertissima.
537 2498 601 2553 Nam
619 2504 650 2552 ut
665 2497 699 2553 de
714 2497 825 2553 Octauia
842 2505 977 2554 taceamus
999 2497 1033 2552 ab

73 2584 108 2637 E
129 2580 235 2640 aliena,
262 2596 322 2635 cum
343 2581 468 2637 omnibus
490 2580 551 2638 aliis
567 2581 646 2638 libris
667 2582 804 2655 adscripta
825 2584 876 2644 sit,
904 2582 936 2636 de
958 2582 1033 2636 lacu·

72 2661 185 2734 nis**)
208 2662 367 2735 quibusdam
387 2665 559 2740 gravioribus
583 2665 683 2739 quibus
707 2666 736 2719 E
755 2666 851 2723 allecta
872 2673 915 2721 est
936 2665 981 2721 ubi
1003 2667 1032 2721 in

72 2749 159 2807 libris
177 2747 204 2802 Α
227 2750 393 2805 recensionis
414 2753 522 2823 integer
537 2750 649 2826 relictus
672 2757 715 2805 est
731 2753 865 2806 sermonis
887 2756 1033 2805 contextus

146 2947 174 3012 *)
189 2947 326 2998 Recensio
339 2948 363 2996 Α
378 2964 439 2997 cum
451 2948 618 3012 aliquotiens
631 2948 707 3012 typis
719 2951 794 2997 esset
806 2947 963 3012 descripta,
975 2948 1030 3011 pri-

72 3032 149 3065 mum
169 3016 206 3065 ab
219 3016 255 3063 Η.
269 3016 389 3065 Amantio
403 3016 553 3065 secundum
566 3016 715 3065 seuerioris
730 3017 799 3065 artis
815 3016 894 3080 leges
907 3014 1032 3079 expolita

76 3085 118 3145 (in
133 3083 200 3133 ned.
212 3082 276 3132 Aidi
289 3098 313 3132 a.
327 3083 442 3147 unxvn)
460 3084 578 3132 omnium
596 3082 729 3147 deinceps
742 3083 878 3132 editorum
893 3098 981 3146 usque
994 3083 1030 3131 od

71 3152 127 3201 hoc
140 3155 253 3215 tempus
267 3150 463 3215 exemplarium
477 3150 686 3214 fundamentum
699 3155 767 3201 erat.
796 3151 907 3200 Etenim
919 3166 954 3199 ne
966 3155 1032 3215 post

71 3217 255 3268 florentinum
273 3218 383 3281 quidem
400 3222 539 3284 repertum
557 3220 703 3283 quisquam
722 3218 857 3268 editorum
875 3233 892 3267 a
905 3233 935 3266 ee
952 3218 1030 3281 iupe-

71 3289 152 3336 trare
167 3287 273 3349 potuit,
285 3290 315 3335 ut
327 3291 433 3336 textum
445 3286 652 3350 tragoediarum
667 3286 701 3333 ad
714 3285 953 3350 praestantissimi
963 3284 1031 3333 libri

73 3368 205 3403 normam
217 3353 265 3401 uia
278 3368 311 3402 ac
323 3356 433 3403 ratione
448 3354 640 3405 constitueret.

71 3488 81 3534 1
105 3418 313 3537 6δ”)ιῗςϊΌΗΠ
332 3418 489 3487 (signorum
507 3425 685 3486 conspectum
702 3436 728 3471 u.
747 3437 772 3485 p.
791 3420 858 3484 503)
876 3420 1030 3470 tto—442.

785 3574 824 3630 a*

460 3718 730 3832 tir-tuso
