2550 3917
512 198 690 246 THYESTES

142 342 247 401 sicum
264 340 340 399 meis
355 338 485 416 gaudere
501 337 579 398 leliei
595 338 691 399 datur.

110 444 127 491 u
183 438 262 483 arn.
291 423 346 482 llio
362 440 427 483 esse
443 430 525 483 natos
540 422 630 483 oredo
645 424 674 482 in
691 423 829 500 amplexu
843 425 946 500 patris,
1074 442 1127 492 980

142 510 189 570 bio
209 516 281 569 sunt
296 515 444 587 eruntque
459 506 538 567 nulla
555 526 624 586 pars
640 508 732 585 prolis
749 517 815 569 tuae

143 594 194 653 tibi
209 592 411 653 subtrahetur.
440 609 492 651 ora
509 610 585 670 quae
600 600 724 667 exoptas
739 591 815 653 dabo
845 614 848 621 ·

107 686 131 743 u'
182 678 350 754 Totumque
365 675 452 736 turba
468 676 526 736 iam
542 695 595 737 sua
611 676 733 753 inplebo
749 685 865 755 patrem

142 763 310 832 satiaberis
328 778 365 821 ne
380 769 487 821 metue.
517 779 595 821 nune
612 761 694 820 mixti
709 763 782 821 meis

142 846 266 907 iuounda
283 863 406 906 mensae
421 863 504 905 sacra
520 844 658 906 iuuenilis
674 844 783 919 uolunt,

143 932 193 991 sed
209 932 369 991 adolentur.

102 1022 135 1079 b¹¹
394 1013 537 1075 Pooulum
552 1014 651 1074 inluso
667 1031 739 1091 cape

143 1098 252 1177 gentile
266 1098 390 1159 bauobo.

141 1197 221 1243 ΤΗΥ.
427 1184 512 1262 capio
527 1178 676 1243 fraternae
691 1182 775 1261 dapis

141 1268 260 1328 donum.
286 1270 419 1345 paternis
433 1269 503 1327 uiua
518 1266 648 1328 libentur
664 1268 734 1335 deis,

141 1362 213 1414 tuno
227 1352 412 1412 hauriantur.

109 1471 124 1504 o
450 1435 507 1496 Sed
524 1438 611 1513 quid
628 1436 715 1496 boc‘l
731 1434 835 1496 nolunt
851 1454 956 1497 manus

139 1540 256 1600 parere,
273 1522 380 1581 crescit
395 1520 512 1599 pondus
527 1528 557 1580 et
572 1520 706 1580 dextram
723 1528 837 1597 grauat.

139 1606 276 1665 admotus
290 1606 361 1683 ipsis
376 1604 509 1665 baoobus
523 1623 540 1664 a
556 1603 648 1663 labris
665 1606 737 1680 lugit

140 1692 277 1769 circaque
292 1692 386 1750 rictus
402 1708 456 1749 ore
472 1689 596 1766 decepto
612 1689 676 1749 lluit
706 1742 713 1758 ,

140 1776 245 1851 etipsa
261 1775 378 1851 trepido
394 1791 497 1834 mensa
508 1773 645 1835 subsiluit
661 1773 734 1833 solo.

140 1859 189 1917 uix
205 1856 284 1919 lucet
300 1861 384 1936 ignis.
413 1859 481 1935 ipse·
491 1859 562 1937 quin
578 1859 682 1919 aether
697 1860 797 1936 grauis

138 1944 214 2002 iuter
230 1942 309 2003 diem
325 1950 503 2020 noctemque
519 1942 654 2002 desertus
670 1950 775 2018 stupet.
870 1972 874 1978 ·

107 2037 128 2093 e'
183 2027 277 2098 Quid
298 2027 386 2088 boet
407 2029 500 2103 magis
515 2028 667 2104 magisque
683 2029 819 2086 concussi
834 2026 934 2088 labant

138 2129 269 2171 connexa
286 2110 368 2180 oaeli,
384 2113 507 2188 spissior
522 2111 620 2171 densis
636 2112 696 2171 coit

138 2196 232 2271 caligo
249 2195 381 2256 tenebris
396 2213 516 2273 noxque
531 2214 563 2255 se
579 2198 608 2254 in
626 2190 743 2255 nortem
760 2194 882 2255 abdidit.

136 2280 212 2358 iugit
227 2299 316 2340 omne
331 2282 422 2341 ddus.
451 2280 591 2357 quioquid
607 2286 651 2339 est
666 2279 751 2339 fratri
766 2297 875 2357 precor

136 2366 291 2442 gnatisque
306 2373 422 2442 pareat,
440 2365 535 2424 omnis
550 2366 578 2423 iu
596 2362 654 2424 uile
670 2363 726 2423 boo
741 2371 829 2442 caput
906 2425 912 2439 ,

137 2449 222 2509 abeat
237 2448 377 2527 procella.
404 2448 496 2508 redde
511 2451 569 2507 iam
586 2456 692 2525 gnatos
707 2448 787 2507 mibi.

136 2548 210 2593 arn.
239 2533 360 2593 reddam
377 2542 406 2594 et
420 2532 473 2593 tibi
488 2532 553 2592 illos
568 2531 666 2593 nullus
682 2534 789 2609 eripiet
803 2532 874 2593 dieu.

98 2623 127 2681 d'
179 2632 260 2677 unu.
289 2616 377 2687 Quis
392 2618 451 2677 blo
465 2617 609 2677 tumultus
623 2619 739 2677 uiscera
755 2619 884 2693 exagitat
899 2617 981 2678 mea?

136 2703 205 2779 quid
221 2703 344 2763 tremuit
358 2704 456 2762 inlusi
477 2705 573 2762 sentio
589 2704 734 2781 inpatieus
750 2720 825 2762 onus

135 2803 295 2867 meumque
310 2788 419 2864 gemitu
437 2805 495 2846 non
511 2806 578 2846 meo
594 2794 697 2865 pectus
713 2788 811 2865 gemit.

135 2872 245 2939 adeste,
263 2873 334 2932 nati.
362 2873 478 2949 genitor
493 2870 595 2932 inielix
610 2879 706 2931 uocat.

135 2956 234 3017 adeste
250 2957 323 3017 uisis
337 2956 430 3032 lugiet
445 2957 493 3016 bio
508 2956 595 3017 uobis
610 2955 704 3015 dolor.
720 2989 762 2999 -

134 3041 212 3101 unde
228 3040 448 3120 obloquuntur?

180 3228 250 3287 ,982
268 3227 338 3277 horu
356 3197 515 3288 quae-corr.
535 3241 570 3275 ex
587 3225 655 3275 hora
672 3240 745 3330 cgppae
765 3222 798 3273 E¹
822 3240 871 3275 ora
890 3238 961 3289 quae
979 3226 1004 3275 Α
1026 3222 1038 3292 ΙΙ

133 3346 182 3394 989
198 3362 254 3395 uon
271 3345 334 3394 uult
351 3344 377 3393 Α
405 3341 469 3393 noli
484 3343 510 3392 E
538 3341 550 3409 lt
579 3346 628 3394 999
648 3346 743 3408 uirque
762 3344 844 3393 ritlus
861 3344 887 3393 Ε
917 3344 1048 3408 uirosque

132 3412 255 3465 rietusA
283 3410 296 3481 ΙΙ
326 3411 415 3462 effluit
431 3414 456 3461 A
480 3412 540 3460 fluit
557 3411 583 3460 Ε
619 3408 623 3477 Ι
652 3410 702 3462 998
720 3410 836 3461 addidit
854 3416 884 3464 ei.
903 3411 981 3463 Gran.
1002 3414 1048 3473 (uio

132 3478 205 3545 HM)
232 3479 244 3549 ss
269 3484 337 3533 1003
355 3478 421 3543 quid
438 3478 463 3527 E
486 3481 584 3543 quisA
607 3476 611 3543 Ι
