2550 3917
536 207 736 255 PRAEFATIO
1040 209 1106 258 XXI

223 365 366 421 Praeterea
387 383 605 441 nonnumquam
621 367 668 423 ubi
689 368 716 422 in
733 367 877 425 florentino
899 368 969 425 libro
989 369 1106 442 pristina

160 452 299 524 scriptura
315 467 391 508 erasa
408 459 451 508 est
466 452 510 508 uel
527 452 686 515 obscurata,
709 452 779 509 illam
796 452 858 510 libri
875 453 988 510 Vindob.
1005 453 1106 510 auxilio

157 549 350 609 agnoscimus:

216 652 277 708 112
293 651 346 709 iam
362 653 422 709 odia
438 645 513 709 E²A
649 664 714 711 uota
737 656 764 712 V

216 738 277 794 116
292 754 335 793 me
351 740 454 879 pppiter
469 748 496 795 et
512 756 541 795 se
557 739 618 795 uin·
648 756 692 795 me
707 740 774 797 uicit
782 748 816 819 'et
831 756 861 797 se
876 741 969 797 uincet
992 740 1017 795 V

294 831 338 879 cat
400 824 426 878 Α

214 906 276 964 273
294 900 619 981 qnorecid.·E²inros.A
650 903 854 986 quo[ho]rsum
870 909 955 967 excid.
979 908 1007 965 V

214 990 277 1049 314
293 993 429 1049 sociemus
445 985 517 1048 ΑΕ2
613 1019 616 1024 -
648 995 786 1051 sociemur
808 988 879 1051 VE¹

236 1075 274 1133 62
292 1076 391 1135 deuicti
403 1079 432 1133 E
442 1078 461 1147 (i
471 1080 501 1133 in
509 1077 583 1150 ras.)
596 1080 622 1134 A
650 1079 758 1135 deuicta
780 1079 806 1136 V

256 1160 275 1219 8
291 1164 394 1235 tepenti
410 1155 452 1218 E²
459 1164 483 1218 Α
652 1172 763 1237 tepente
786 1163 842 1220 VR

228 1277 378 1346 Quaeram
401 1279 439 1336 ita
454 1280 510 1335 sint
526 1280 573 1353 qui
594 1280 693 1336 librum
709 1280 946 1337 vindobonensem
966 1281 1115 1355 conposuit

159 1366 184 1421 is
205 1364 317 1420 uidetur
336 1365 364 1421 in
385 1364 563 1421 describendo
578 1364 693 1422 Hercule
709 1383 720 1422 1
741 1374 853 1440 praeter
872 1366 959 1422 libros
980 1365 1111 1440 uolgarcs

161 1478 199 1490 —
225 1448 334 1505 eosdem
361 1450 489 1505 nimirum
516 1448 588 1506 unde
615 1458 721 1507 ceteros
742 1450 848 1507 fabulas
875 1451 1048 1522 transcripsit
1071 1479 1109 1491 -

162 1528 258 1590 codice
277 1550 345 1590 usus
368 1550 429 1590 esse
451 1534 495 1589 nel
517 1534 619 1591 codicis
635 1535 777 1592 cuiusdam
792 1534 953 1607 fragmentis
972 1535 1112 1590 recensio·

160 1619 205 1674 nis
232 1617 354 1675 melioris
382 1618 582 1675 uetustioribus
608 1618 770 1682 florentino,
800 1619 872 1676 unde
898 1618 1111 1675 Phoenissamm

162 1718 275 1777 qnoque
290 1703 432 1776 inscriptio
448 1703 564 1777 repetita
580 1704 624 1760 sit.
640 1704 697 1761 Nisi
713 1705 785 1760 iorte
800 1705 871 1761 hanc
884 1698 948 1760 libri
967 1702 1110 1777 Vpartem

161 1795 291 1861 putamus
307 1787 340 1843 ad
356 1788 497 1844 tertiam
514 1789 647 1862 quandam
659 1789 749 1846 redire
762 1797 853 1845 textus
868 1790 1110 1845 recensionem

161 1870 355 1944 antiquissimo
375 1880 500 1947 tempore
521 1872 633 1937 iactam,
656 1877 735 1931 cuius
754 1881 896 1948 praeterea
911 1872 1015 1929 nullum
1038 1879 1113 1929 extet

161 1956 322 2031 uestigium.
358 1955 411 2013 Sed
426 1959 487 2014 siue
501 1957 555 2014 hoc
569 1958 630 2015 sine
645 1958 713 2015 illud
727 1959 855 2033 amplecti
869 1959 966 2019 males,
984 1958 1036 2013 boc
1052 1958 1112 2030 qui-

161 2042 225 2098 dem
240 2041 374 2099 concedes
388 2040 488 2099 librum
507 2043 603 2100 chm
619 2044 647 2099 in
658 2045 757 2100 ceteris
773 2044 919 2117 tragoediis
935 2040 1114 2099 restituendis

163 2125 266 2182 nullius
287 2130 418 2183 momenti
440 2126 490 2190 sit,
514 2128 547 2183 ad
561 2127 704 2185 Herculem
721 2136 810 2185 tamen
826 2128 945 2203 priorem
966 2126 1113 2183 emendan-

164 2210 225 2267 dam
240 2210 387 2285 plurimum
403 2210 540 2285 ualere*).

230 2310 363 2386 Superest
391 2319 422 2368 ut
448 2331 500 2387 qua
527 2316 634 2370 ratione
663 2316 696 2370 in
723 2315 869 2372 Octauia
898 2311 1113 2371 recensenda
1184 2338 1188 2341 ·

164 2398 268 2453 uersati
290 2398 376 2453 simus
392 2397 549 2455 doceamus.
577 2400 668 2472 Atque
689 2416 784 2456 omnes
800 2399 908 2473 quidem
929 2398 1015 2454 libros
1030 2413 1112 2452 mser.

167 2497 237 2556 qnos
260 2480 292 2537 ad
308 2482 378 2551 banc
393 2489 562 2556 praetextam
584 2484 777 2541 emendandam
791 2482 977 2545 adhibuimus,
998 2481 1030 2537 ad
1046 2497 1113 2537 eun·

166 2566 227 2623 dem
244 2566 364 2623 codicem
380 2567 500 2625 anticum
516 2568 677 2626 referendos
692 2586 753 2627 esse
768 2567 924 2625 luculenter
939 2568 1031 2639 arguit
1044 2567 1114 2621 mira

167 2667 262 2707 eorum
284 2652 312 2706 in
333 2652 499 2725 corruptelis
520 2653 681 2727 quibusdam
701 2653 877 2727 grauioribus
898 2652 1044 2710 consensio
1066 2648 1114 2721 (cl.

165 2733 230 2791 buc.
246 2733 372 2795 blneller„
384 2734 406 2792 J.
423 2737 446 2791 J.
461 2736 545 2795 1866
566 2755 593 2811 p.
610 2737 692 2810 388).
722 2737 787 2795 Nam
808 2745 839 2792 nt
860 2753 892 2792 ea
912 2736 1114 2810 praetermitta-

166 2836 227 2876 mus
249 2819 317 2877 uitia
337 2836 407 2893 quae
428 2838 479 2879 nos
495 2822 605 2897 quidem
625 2822 761 2879 detexisse
777 2820 856 2878 nobis
871 2820 1010 2881 uidemur,
1033 2833 1114 2875 nemo

167 2904 293 2979 prolecto
315 2904 450 2963 dubitabit
477 2906 542 2981 quin
562 2906 709 2981 deprauata
735 2908 791 2963 sint
812 2906 909 2963 haece:
946 2902 1035 2961 1142
1066 2919 1115 2961 ora

237 3168 265 3237 *)
285 3170 364 3233 Quod
380 3172 410 3221 in
426 3171 508 3222 huius
520 3172 586 3223 libri
602 3172 785 3237 inscriptione
803 3170 900 3221 ultimo
918 3170 981 3221 loco
993 3169 1116 3220 Octauio

170 3242 389 3289 commemoratur
410 3254 463 3289 non
485 3244 528 3290 est
549 3241 666 3290 mirum..
695 3240 765 3289 Nam
787 3239 918 3289 librarius
940 3254 1002 3288 cnm
1024 3242 1052 3287 et
1071 3238 1113 3287 in-

171 3307 347 3371 scriptionem
364 3308 392 3356 et
408 3308 516 3359 Hero.1
537 3322 570 3357 ex
586 3306 659 3357 libro
676 3307 724 3357 illo
742 3306 863 3371 optimae
881 3310 978 3368 notae,
1004 3310 1115 3355 celeres

171 3387 204 3423 ex
223 3374 318 3424 codice
336 3373 445 3438 uolgari
463 3372 581 3439 (uolgari
598 3375 693 3425 ordine
705 3375 761 3425 nisi
778 3374 852 3440 qnod
864 3373 1013 3437 Thyestem
1029 3373 1114 3421 inter-

170 3445 285 3504 poneret
301 3445 366 3493 nnto
380 3442 464 3493 Herc.
483 3458 506 3492 11
528 3443 709 3508 inscriptione
727 3443 847 3493 fortasse
866 3438 1019 3502 conmotus)
1036 3443 1113 3487 tran·

171 3509 341 3573 scripsisset,
361 3510 426 3575 quin
439 3509 587 3561 Octauiam
599 3510 683 3561 titulo
696 3510 810 3560 adderet
821 3508 915 3557 iacere
928 3521 983 3557 non
995 3507 1116 3570 poteret.
