2550 3917
507 235 674 282 nullanus

139 394 204 435 cum
220 377 313 453 prima
330 393 420 453 puras
436 373 527 434 barba
545 375 675 451 signaret
691 391 781 450 genas

135 462 316 538 monstrique
332 477 450 518 caecam
466 460 562 534 gnosii
578 459 654 520 uidit
669 459 789 518 domum

135 553 163 605 et
176 545 262 621 longa
278 562 370 604 curua
386 543 433 604 llla
449 542 567 620 collegit
581 545 641 603 uia.

103 630 126 686 ‹1'
176 628 248 698 Quis
263 637 326 688 tum
342 628 389 688 ille
405 627 522 688 iulsit.
551 635 723 706 presserant
738 629 826 688 uittae
842 645 971 696 comam,

136 722 162 773 et
177 732 230 773 ora
245 713 341 774 llauus
356 720 458 774 tenera
473 712 627 790 tinguebat
641 712 746 790 pudor.

134 800 249 858 inerant
263 797 381 858 lacertis
397 796 535 856 mollibus
550 796 644 857 iontes
659 799 718 856 tori

134 893 258 958 tuaeque
273 881 409 942 Phoebes
425 881 551 941 uultus
565 890 616 943 aut
629 881 744 942 Phoebi
759 883 817 942 mei

133 974 239 1028 tuusne
254 969 360 1044 potius,
390 965 457 1027 talis
472 983 508 1026 en
524 965 591 1025 talis
605 968 662 1026 luit

134 1069 198 1111 cum
215 1050 326 1131 placuit
340 1051 427 1112 hosti.
458 1054 501 1112 sic
516 1050 583 1111 tulit
597 1050 708 1110 celsum
725 1059 822 1127 caput.

107 1145 122 1192 d
172 1136 206 1195 lu
221 1144 252 1195 te
267 1137 361 1212 magis
375 1133 545 1212 relulget
559 1137 728 1212 incomptus
744 1136 833 1196 decor

132 1229 160 1280 et
174 1222 293 1298 genitor
308 1221 338 1278 in
354 1228 384 1280 te
398 1228 487 1280 totus.
518 1227 548 1279 et
562 1228 667 1280 toruae
684 1228 780 1280 tamen

33 1316 34 1337 ¹
132 1322 199 1383 pars
215 1304 314 1382 aliqua
330 1306 432 1382 matris
447 1305 552 1365 miscet
567 1323 601 1365 ex
619 1322 713 1383 aequo
730 1304 832 1365 decus:

132 1390 160 1447 iu
176 1407 230 1450 one
247 1391 330 1466 graio
346 1389 494 1468 scythicus
510 1397 633 1466 apparet
648 1391 740 1466 rigon.

132 1475 154 1532 si
170 1492 238 1534 cum
257 1483 380 1550 parente
396 1474 538 1534 creticum
554 1475 696 1534 intrasses
711 1473 818 1534 ioelum

131 1556 182 1617 tibi
196 1556 247 1618 iila
264 1559 361 1635 potius
376 1567 477 1619 nostra
493 1559 623 1619 neuisset
637 1575 733 1619 soron.

103 1642 124 1698 t'
175 1642 218 1702 Te
233 1650 265 1702 te
280 1659 366 1700 soron
382 1660 568 1722 quacumque
582 1643 696 1704 siderea
713 1641 773 1721 poli

133 1728 161 1785 in
175 1735 262 1804 parte
278 1726 292 1784 l
297 1725 403 1803 ulges
417 1729 525 1787 inuoco
541 1728 577 1787 ad
593 1732 713 1786 causam
730 1745 843 1805 parem.

134 1811 237 1872 domus
253 1829 376 1872 sonores
391 1829 450 1871 una
466 1812 610 1890 corripuit
625 1811 707 1872 duas.

134 1903 160 1955 te
175 1898 294 1972 genitor
308 1903 339 1955 at
353 1915 401 1956 me
416 1905 532 1972 gnatus.
563 1915 599 1956 en
616 1895 739 1974 supplex
757 1897 832 1955 iacet

134 1979 249 2058 adlapsa
265 1979 393 2058 genibus
407 1982 507 2058 regiae
522 1980 621 2058 proles
637 1979 753 2040 domus.

134 2082 269 2141 respersa
285 2063 366 2124 nulla
383 2063 449 2124 labe
465 2074 495 2126 et
509 2065 616 2125 intacta
633 2067 785 2125 innocens

111 2172 123 2204 e
172 2149 241 2209 Tibi
257 2157 359 2208 mutor
374 2151 436 2209 uni.
468 2157 548 2210 certa
564 2149 705 2210 descendi
721 2149 756 2208 ad
773 2166 894 2226 preces:

134 2233 218 2293 linem
235 2235 287 2294 hic
303 2233 398 2293 dolori
413 2235 501 2294 laciet
515 2242 565 2294 aut
580 2236 658 2294 uitae
673 2234 745 2294 dieo.

134 2319 275 2379 miserere
291 2319 425 2378 amantis.
655 2379 659 2387 Δ

134 2414 222 2462 ΗΙΡΡ.
450 2421 557 2480 magne
572 2412 713 2480 regnator
729 2401 832 2471 deum,

137 2494 190 2546 tam
206 2487 307 2548 lentus
323 2487 405 2546 andis
419 2487 551 2548 scelera?
574 2494 632 2547 tam
650 2487 746 2548 lentus
762 2487 861 2546 uides?

116 2578 127 2624 f
173 2572 338 2649 Ecquando
354 2589 441 2632 saeua
458 2570 569 2632 lulmcn
585 2574 702 2632 emittes
718 2589 806 2632 mauu

136 2656 158 2713 si
171 2674 250 2716 nunc
267 2674 407 2716 serenum
424 2657 487 2716 estl
509 2658 606 2716 omnis
622 2656 756 2734 inpulsus
771 2664 836 2716 ruat

137 2850 338 2860 ——--

200 2978 251 3026 660
269 2976 341 3025 llaui
358 2979 390 3026 el.
409 2976 460 3027 Bo.
476 2973 488 3041 Η
505 2977 634 3042 tingebat
652 2978 734 3027 rubor
754 2978 776 3025 Α
800 2977 946 3042 tinguebat
964 2973 1051 3040 pudor

139 3042 162 3089 E
176 3039 189 3108 Η
204 3045 253 3092 666
274 3047 376 3094 tuaene
395 3046 436 3094 Αε
455 3050 585 3109 tuaeque
602 3043 653 3096 Bo.
671 3040 682 3109 Η
699 3045 748 3095 663
766 3048 884 3108 tuusque
903 3061 924 3094 ω
942 3048 1049 3092 tuusne

142 3108 184 3161 Bc.
197 3119 223 3160 et
235 3111 305 3161 Bau.
320 3128 334 3161 e
346 3113 492 3171 coniectura
503 3114 555 3161 uiri
565 3114 636 3161 docti
653 3114 786 3175 adscripta
798 3128 879 3176 marg.
892 3113 932 3162 ecl.
946 3111 1048 3163 naono.

140 3175 211 3241 (quoe
230 3186 270 3228 est
287 3181 313 3227 in
330 3179 388 3228 titt.
405 3181 474 3230 unia.
493 3179 659 3244 Hafm'eneis)
672 3177 683 3246 Η
695 3181 745 3230 666
765 3184 817 3229 est
836 3179 887 3243 (uel
904 3176 955 3242 en)
974 3177 1051 3243 geni·

139 3249 180 3292 tor
200 3249 232 3297 ei.
251 3247 327 3296 ulis.
350 3243 362 3312 Η
385 3252 480 3298 toruus
497 3248 521 3296 A
550 3252 624 3296 totus
643 3247 708 3297 EM)
731 3244 742 3313 Η
766 3249 815 3298 668
833 3251 913 3312 grato
932 3263 951 3296 α
992 3246 1051 3297 reio

140 3311 185 3375 Εψ
204 3309 218 3379 Η
236 3315 288 3364 676
305 3314 458 3365 neuidisset
475 3315 500 3364 E
520 3310 532 3381 Η
552 3316 601 3366 671
621 3315 725 3366 siderei
742 3315 767 3365 Α
791 3316 907 3380 syderea
925 3313 951 3363 E
973 3261 1052 3379 lata

142 3377 205 3430 duas
226 3398 296 3432 corr.
315 3398 351 3432 ex
367 3384 442 3432 riuas
461 3379 507 3445 (7)
526 3382 551 3432 E
571 3380 583 3448 Η
604 3385 653 3434 677
672 3385 767 3433 mittor
783 3383 808 3432 Α
827 3386 918 3432 mutor
935 3378 969 3446 εΙ
996 3381 1053 3432 dis—

143 3447 218 3500 cendi
236 3449 262 3498 E
278 3446 290 3514 Η
306 3451 356 3500 679
373 3450 510 3500 ΡΗΟΕΙ).
531 3466 630 3515 magne
649 3449 693 3513 E¹‚
712 3453 748 3500 nd
763 3467 811 3514 mg.
830 3450 909 3502 YPP.
927 3446 938 3515 Η
955 3450 1004 3500 661
1025 3453 1053 3499 et

143 3515 247 3575 qnando
265 3517 314 3580 Εψ
333 3517 476 3581 ecquando
491 3535 509 3567 α
521 3515 533 3583 Η
546 3520 655 3568 emittes
670 3519 693 3567 A
713 3519 816 3568 emittis
834 3518 859 3566 E
881 3513 893 3582 Η
