2550 3917
209 982 369 1033 monere.
400 984 589 1033 ammone.
621 948 807 1033 auruncus.
839 984 1035 1035 ronmrcns.

524 1068 715 1117 nrnoccns.
1116 1060 1124 1071 ’

126 1198 147 1231 a
206 1185 276 1235 100.
299 1173 381 1235 Felix
395 1174 509 1252 Agaue:
531 1175 678 1235 facinus
693 1174 876 1236 horrendum
893 1194 982 1237 manu

160 1260 220 1338 qua
234 1257 379 1319 fecerat
394 1261 520 1337 gestauit
535 1268 568 1321 ut
583 1258 711 1336 spolium
725 1267 820 1337 caput

161 1350 285 1405 cruenta
302 1345 361 1404 nati
376 1345 494 1405 Maenas
508 1346 538 1403 in
554 1351 655 1421 partes
670 1344 738 1405 dati.
1132 1364 1184 1412 3⁶5

116 1426 145 1485 α’
205 1428 311 1489 Fecit
326 1428 467 1497 scelus,
484 1428 536 1489 sed
552 1430 659 1489 misera
674 1446 734 1489 non
751 1427 829 1490 ultro
843 1447 897 1489 suo
1002 1442 1046 1485 For.
1062 1442 1181 1484 xxxxvi

161 1512 268 1573 sceleri
285 1515 462 1574 occucurrit.
490 1512 548 1574 hoc
563 1512 629 1575 leue
646 1520 690 1573 est
705 1514 784 1590 quod
799 1533 867 1575 sum
883 1531 1004 1585 nocens,
1098 1533 1114 1581 5

163 1597 222 1658 ieci
237 1604 389 1657 nocentes,
417 1597 474 1658 hoc
490 1615 609 1676 quoque
626 1599 794 1658 etiamnunc
810 1597 877 1659 leue
893 1607 946 1669 est,

164 1682 270 1762 peperi
286 1690 435 1743 nocentes.

134 1774 154 1823 b
476 1766 566 1827 Derat
580 1768 731 1827 aerumnis
745 1769 828 1835 meis,

166 1862 202 1912 ut
216 1859 245 1912 et
258 1851 373 1912 hostem
390 1869 529 1913 amarem.
555 1850 662 1911 bruma
677 1860 721 1911 ter
736 1853 836 1931 posuit
850 1854 934 1914 niues
1134 1875 1186 1921 370

166 1944 197 1995 et
211 1937 296 1996 tertia
313 1938 371 1996 iam
387 1934 462 1997 ialoc
477 1934 618 1996 decubuit
633 1934 731 2006 Ceres,

165 2028 200 2080 ut
215 2019 282 2080 exul
299 2029 380 2081 errat
394 2027 500 2097 gnatus
516 2027 546 2079 et
560 2023 657 2097 patria
673 2028 755 2081 caret
1100 2041 1132 2089 10

164 2105 371 2184 profugusque
386 2122 491 2183 regum
507 2102 611 2164 auxilia
629 2106 780 2181 graiorum
796 2112 890 2182 rogat

130 2212 147 2245 c
192 2183 193 2187 ’
208 2190 307 2250 Gener
323 2197 368 2248 est
382 2188 499 2248 Adrasti
514 2189 598 2248 cuius
613 2189 739 2265 imperio
754 2206 838 2249 mare

161 2273 241 2350 quod
258 2274 349 2349 cingit
363 2272 490 2333 isthmos
506 2273 629 2349 regitur,
646 2272 695 2332 hic
710 2280 813 2350 gentes
829 2292 897 2335 suas
1132 2295 1184 2342 375

161 2364 336 2436 septemque
352 2374 452 2417 secum
468 2373 560 2433 regna
577 2357 612 2417 ad
630 2355 771 2417 auxilium
787 2357 877 2418 trahit

161 2460 284 2519 genero.
312 2441 382 2520 quid
399 2449 498 2521 optem
514 2441 624 2521 quidue
641 2441 809 2511 decernam,
827 2442 900 2503 haut
914 2445 985 2511 scio
1102 2464 1133 2512 15

119 2524 147 2584 b'
204 2526 340 2604 Regnum
356 2528 498 2604 reposcit.
525 2543 613 2585 causa
629 2528 792 2603 repetentis
807 2526 884 2588 bona
900 2536 953 2597 est,

161 2610 239 2671 mala
256 2613 299 2670 sic
314 2612 451 2687 petentis.
480 2617 549 2671 uota
565 2628 641 2690 quae
656 2611 761 2670 faciam
778 2614 905 2689 parens?

161 2700 314 2772 utrimque
329 2702 429 2755 natum
446 2694 549 2755 uideo:
567 2694 607 2754 nil
622 2712 744 2773 possum
760 2697 807 2773 pie
1130 2716 1185 2764 330

234 2864 265 2913 Iu
283 2864 411 2914 codicibus
429 2864 626 2913 Phoceu-sorum
648 2866 782 2929 relliquiae
800 2845 940 2915 cohaerent
961 2882 1015 2914 eum
1030 2846 1081 2916 Oe-

162 2934 219 2997 dipi
236 2932 392 3050 frfflzqqto.
433 2929 601 2982 Continuam·
627 2947 724 2981 scaena
746 2934 772 2981 in
794 2933 834 2993 Α,
870 2947 959 2982 nouam
987 2936 1082 2983 wasti-

156 3006 234 3050 ,tuunt
353 3036 359 3049 .

154 3172 156 3193 τ
231 3151 391 3202 IOOASTA
405 3176 411 3189 ·
427 3150 612 3202 SATELLES
624 3176 630 3187 ·
643 3149 840 3201 POLINICES
853 3176 859 3190 ·
870 3150 1082 3203 EThEOCLES

164 3220 189 3269 E
218 3221 341 3271 Iocaste.
360 3219 508 3284 Antigone.
529 3218 653 3269 Nunnius
676 3219 699 3268 R
728 3215 739 3282 ΙΙ
769 3221 784 3267 2
808 3223 836 3269 et
854 3235 895 3284 sp.
915 3220 979 3269 tulit
997 3238 1019 3270 ω
1047 3226 1084 3269 ut

164 3302 205 3351 sp.
226 3291 328 3351 ceput
345 3289 447 3351 compsi.
472 3286 513 3349 Of.
534 3285 596 3335 θεά.
612 3286 651 3350 fr.
670 3303 694 3335 u.
715 3289 747 3335 18
780 3281 792 3350 ΙΙ
824 3287 937 3338 duitre
955 3304 977 3337 ro
1007 3288 1083 3337 ultro

98 3376 103 3387 ·
136 3356 138 3361 '
163 3357 196 3408 ci.
215 3356 291 3405 NHs.
323 3351 336 3421 Η
370 3355 490 3404 suumA
521 3369 571 3404 suo
588 3353 614 3402 Ε
648 3351 659 3420 ΙΙ
694 3353 822 3404 bsceius
841 3354 895 3405 hoc
917 3356 1039 3405 cucurrit
1057 3357 1082 3404 Α

165 3421 265 3473 sceleri
283 3424 405 3472 occurrit
423 3423 448 3471 Ε
471 3437 540 3473 corr.
561 3422 636 3471 NHs.
666 3417 679 3487 ss
712 3423 744 3471 15
767 3424 864 3486 generi
881 3424 906 3471 Α
936 3420 1038 3486 genero
1058 3424 1083 3471 E

167 3495 186 3539 t.
200 3491 274 3541 Μὶν.
307 3486 319 3555 Η
350 3492 381 3539 18
399 3493 543 3552 utrumque
563 3506 584 3538 ω
602 3505 672 3539 corr.
690 3488 740 3541 Bo.
753 3486 766 3555 ΙΙ
