2550 3917
532 222 655 269 MEDEA

138 362 174 421 sit
189 362 314 439 pretium
330 362 425 421 lason.

136 458 201 505 ras,
448 444 521 504 cedo
538 445 671 507 defessus
686 445 779 506 maiis.

103 537 120 585 h
179 530 215 589 Et
230 532 292 608 ipsa
309 547 395 589 casus
411 546 498 607 saepe
514 532 572 589 iana
589 537 727 607 expertos
740 532 820 591 time.

135 628 217 673 ΜΕΙ),
236 614 354 674 fortuna
370 632 487 691 semper
503 615 598 674 omnis
613 615 689 674 inira
706 634 753 674 rne
769 616 858 674 stetit.
942 607 946 616 ’

135 711 199 759 ras.
216 698 339 759 Acastus
353 699 444 759 instat
457 734 499 743 —

134 796 218 842 MED.
539 784 662 862 propior
677 790 721 842 est
735 783 828 843 hostis
844 782 945 844 Creo.

101 864 126 921 n'
177 868 337 944 Vtrumque
353 866 487 945 profuge.
519 885 577 927 non
595 875 626 927 ut
641 869 672 926 in
689 885 826 927 socerum
843 886 947 929 manus
1068 876 1120 925 525

134 968 231 1010 armes
247 969 302 1011 neo
318 958 349 1009 m
365 959 393 1010 te
410 951 499 1011 caede
515 960 638 1027 cognata
655 953 792 1029 inquines

133 1034 257 1095 Medea
273 1037 365 1110 cogit:
388 1037 532 1095 innocens
549 1054 664 1095 mecum
681 1037 760 1112 inge.

101 1127 109 1174 i
174 1132 241 1179 ms,
265 1118 302 1178 Et
317 1121 382 1197 quis
397 1122 515 1180 resistet
531 1121 647 1197 gemina
663 1122 688 1179 si
704 1120 779 1180 helia
796 1122 953 1197 ingranam

133 1202 207 1264 Creo
224 1210 312 1281 atque
327 1206 449 1264 Acastus
465 1222 544 1264 arma
562 1208 587 1264 si
602 1202 760 1280 iungant
775 1207 845 1265 sna?

100 1290 118 1343 i'
177 1302 263 1348 MED.
287 1288 338 1347 His
354 1287 436 1347 adice
453 1289 579 1349 Colchos
594 1289 677 1349 adice
694 1294 724 1349 et
738 1290 847 1349 Aeeten
864 1290 970 1349 ducem
1067 1297 1120 1346 530

131 1373 256 1451 Scythas
271 1372 399 1450 Pelasgis
413 1374 544 1450 iunge:
567 1372 721 1433 demersos
735 1373 822 1433 dabo.

99 1462 117 1511 k
174 1469 241 1517 aas.
265 1456 328 1515 dita
344 1457 504 1516 extimesco
519 1465 645 1533 sceptra.

131 1555 216 1601 nnn.
670 1558 707 1600 ne
721 1543 824 1619 cupias
840 1541 919 1600 uide.

99 1623 123 1679 k'
174 1637 242 1684 lna.
266 1624 409 1702 Suspecta
426 1642 463 1683 ne
478 1625 536 1684 sim
550 1623 637 1702 longa
653 1624 806 1701 conloquia
824 1632 950 1703 amputa.

98 1716 107 1763 l
173 1722 260 1769 nino.
284 1707 369 1767 Nunc
384 1726 498 1767 summe
514 1715 575 1767 toto
590 1709 721 1787 iuppiter
737 1708 820 1769 caelo
835 1715 913 1768 tona.

104 1793 250 1853 ·intende
266 1791 408 1851 dextram.
439 1793 573 1853 uindices
589 1791 843 1871 flammaspara
1066 1801 1118 1849 535

131 1895 310 1955 omnemque
326 1877 420 1952 ruptis
437 1876 565 1938 {rubibus
581 1876 723 1936 mnndum
741 1873 852 1954 quate(

99 1957 116 2014 l'
174 1961 237 2021 Nec
253 1960 385 2035 diligenti
400 1960 456 2019 tela
473 1960 618 2020 librentur
634 1978 723 2020 manu
1003 1973 1115 2017 civim

129 2045 176 2104 nei
192 2062 243 2104 me
259 2043 306 2105 uel
321 2047 426 2103 istum:
444 2046 575 2122 quisquis
591 2064 606 2103 e
622 2044 709 2104 nobis
725 2045 810 2105 cadet

129 2146 242 2189 nocens
258 2128 380 2205 peribit,
398 2146 457 2187 non
474 2136 570 2205 potest
584 2130 615 2187 in
631 2146 686 2188 nos
702 2136 785 2188 tunm
892 2124 904 2143 ⁰

131 2231 233 2273 errare
249 2211 399 2272 tulmen.
1065 2224 1116 2272 540

99 2320 123 2353 m
173 2310 242 2357 ins.
439 2296 514 2356 Sana
531 2296 668 2356 mertitari
682 2298 782 2375 incipe

129 2388 157 2441 et
172 2379 289 2459 placida
307 2379 378 2441 iare.
408 2382 432 2440 si
449 2380 527 2459 quod
543 2399 578 2440 ex
594 2384 690 2441 soceri
705 2381 793 2442 domo

128 2472 225 2542 potest
241 2465 339 2541 fugam
355 2463 472 2525 leuare:
488 2464 652 2525 solamen
668 2475 744 2544 pete.

128 2562 211 2611 nnn.
231 2556 423 2609 contemnere
439 2550 554 2609 animus
569 2551 666 2627 regias
682 2559 713 2609 m
727 2551 785 2609 scis
800 2569 872 2628 opes

128 2639 224 2710 potest
241 2631 391 2709 soletque,
408 2632 519 2694 liberos
535 2641 650 2693 tamum
666 2637 753 2712 fugae

129 2716 241 2777 habere
257 2719 378 2778 comites
395 2717 481 2777 liceat
496 2719 525 2777 in
542 2735 668 2796 quornm
685 2720 752 2779 sinu

129 2798 267 2861 lacrimas
282 2803 468 2879 profundam.
499 2810 527 2862 te
543 2804 614 2861 noni
631 2806 730 2881 gnati
748 2810 878 2864 manent.

98 2884 131 2940 m'
172 2898 239 2946 ras.
261 2886 371 2946 Parere
385 2886 525 2964 precibus
541 2904 651 2963 cupere
666 2906 715 2947 me
729 2889 824 2948 fateor
839 2889 912 2956 tuis,

130 3054 331 3063 -—--.-—--

194 3155 245 3206 523
263 3155 338 3203 intra
356 3156 381 3204 A
403 3155 478 3204 infra
495 3153 544 3205 ΕΗ
572 3150 584 3217 Η
613 3156 663 3205 524
680 3156 769 3205 ΜΕΙ).
787 3156 813 3205 Ε
836 3171 882 3206 om.
902 3156 926 3204 A
956 3151 968 3220 ΙΙ
996 3157 1046 3205 525

128 3219 216 3272 Man.
235 3227 288 3272 ntr.
307 3224 331 3272 A
361 3222 449 3271 MED.
468 3238 514 3272 orn.
534 3222 558 3271 E
587 3218 599 3289 Η
627 3222 690 3272 noio
709 3224 734 3272 A
764 3238 819 3273 non
837 3225 862 3272 Ε
889 3219 904 3291 ss
931 3224 981 3273 528
1003 3224 1047 3271 in-

130 3294 229 3349 gruant
241 3291 266 3339 A
285 3290 435 3355 ingrauant
447 3290 472 3339 E
483 3287 495 3356 ΙΙ
507 3293 557 3341 529
574 3290 692 3355 iungant
705 3292 746 3341 Αε
764 3292 891 3355 iungunt
907 3292 1009 3354 scripsi.
1029 3291 1044 3352 Η

129 3355 177 3405 530
195 3356 287 3420 adijce
306 3358 419 3407 Aeeten]
438 3358 463 3407 A
488 3358 567 3407 edice
588 3362 616 3407 et
634 3362 724 3407 aetem
742 3358 767 3407 Ε
783 3356 795 3421 Η
818 3362 868 3409 537
892 3374 1003 3409 manum
1020 3357 1046 3407 Ε
1068 3392 1074 3403 .

129 3425 253 3539 marani!
283 3423 302 3557 {l
324 3427 373 3475 538
391 3426 420 3473 in
437 3440 480 3474 me
499 3427 524 3476 A
552 3426 599 3476 uel
617 3441 659 3474 me
678 3426 703 3473 Ε
731 3422 744 3492 fl
772 3428 822 3477 541
841 3428 865 3477 si
884 3427 947 3491 qnid
967 3429 991 3476 A
1021 3425 1046 3475 si

129 3504 180 3551 (1¹1⁰
244 3500 266 3556 Ψ
