2550 3917
178 200 241 266 342
566 212 709 261 tucnnrt

145 399 160 433 c
222 354 310 436 (Non)
328 390 368 398 —
387 387 392 400 ·
410 389 451 398 -
470 388 524 422 -,
541 371 601 413 non
617 356 708 414 maria
726 358 839 432 asperis

177 443 279 501 insana
296 441 388 508 coris,
406 445 464 499 no‘n
481 440 558 500 acies
574 439 653 499 feras

179 526 257 606 (non)
275 524 427 604 puluerem
444 523 613 603 nubemque
628 533 737 584 motam

263 609 428 670 barbaricis
443 610 574 688 equiturn
591 612 728 671 cateruis.

144 756 161 806 b
223 745 316 806 Omne
332 752 505 823 perrumpet
522 777 528 790 ·
548 778 553 789 ·
572 762 752 807 -seuerus

180 866 217 873 —
237 863 242 875 ·
261 836 446 906 contemptor
462 829 571 890 leuium
589 831 712 890 deorum
754 831 763 844 '

144 1136 170 1196 b'
223 1133 278 1204 Qui
293 1133 374 1194 uidet
388 1132 488 1194 uultus
503 1134 679 1196 Acherontis
694 1136 748 1195 atri

179 1219 306 1298 quippe)
324 1237 383 1278 uon
399 1219 489 1278 tristis
506 1220 592 1298 Styga
609 1221 723 1280 tristem
741 1219 848 1298 (odire)

178 1304 266 1364 audet
281 1312 310 1364 et
325 1307 402 1364 uitae
420 1335 592 1350 ·····
607 1339 649 1347 -—

262 1406 374 1465 ponere
389 1389 487 1448 tinem.

145 1525 168 1583 c‘
220 1522 339 1584 Perille
355 1525 434 1602 regi,
451 1541 505 1600 par
520 1526 636 1602 superis
652 1525 707 1584 erit

92 1924 114 1974 B
222 1911 350 1990 Oquam
366 1913 507 1972 miserum
525 1919 569 1972 est
584 1915 700 1974 nescire
717 1914 793 1972 mori

178 2077 380 2084 m-
525 2021 539 2057 e
627 2022 642 2056 e
730 2023 745 2055 e

145 2176 170 2225 Ε
285 2170 345 2227 Non
361 2171 445 2226 maria
461 2172 676 2244 asperisinsaua
692 2171 794 2226 choris

285 2254 344 2311 Non
359 2257 438 2311 oties
456 2255 527 2310 feras
544 2255 734 2329 puluerantne
750 2255 849 2311 nubem
938 2312 940 2316 Α

285 2341 358 2396 Mota
372 2338 519 2396 barbaricis
536 2343 658 2414 equitum
674 2341 805 2406 cateruis,

285 2423 413 2481 Nonurbe
429 2440 490 2479 cum
506 2433 564 2480 tota
580 2420 698 2499 popuios
714 2425 840 2480 cadentes

285 2510 400 2566 Hostica
413 2526 506 2564 muros
522 2511 672 2583 populante
688 2509 794 2566 {lamma

284 2595 484 2651 Indomitumue
500 2594 610 2650 bellum.

284 2680 446 2752 Perrumpet
462 2695 541 2734 omno
558 2680 746 2735 seruitium
763 2685 918 2735 contemtor
948 2702 958 2714 ·

284 2765 395 2820 beuium
410 2764 522 2819 deorum

285 2848 337 2916 Qui
352 2849 447 2927 uultus
462 2849 618 2905 acherontis
635 2849 687 2904 atri
704 2849 750 2922 qui
766 2856 845 2922 styga
862 2849 969 2903 tristem

284 2933 343 2989 Non
359 2935 447 2990 tristis
463 2933 538 2989 uidet
553 2934 689 3006 audetque
706 2937 779 2989 uitae

284 3019 388 3075 Ponere
404 3017 494 3075 tinem.
524 3037 573 3092 pur
587 3018 633 3074 ilie
649 3020 709 3092 regi
724 3035 774 3092 par
790 3018 898 3092 superis
914 3018 975 3074 erit.

286 3103 307 3160 Ο
323 3120 402 3176 quarn
419 3103 548 3159 miserum
564 3112 607 3159 est

284 3187 392 3244 Nescire
407 3189 486 3243 mori.

248 3303 296 3352 621
317 3302 387 3352 coris
405 3303 430 3352 A
450 3303 542 3354 choris
560 3312 583 3368 ψ
605 3299 618 3369 ss
642 3306 691 3354 622
709 3304 785 3353 acies
805 3303 828 3352 A
850 3300 861 3370 Η
886 3317 949 3365 -que
968 3301 992 3350 A
1014 3298 1025 3366 ΙΙ
1046 3303 1098 3352 623

181 3373 283 3419 motam
303 3370 326 3418 A
343 3366 421 3436 {1627
439 3386 474 3420 uc
493 3381 544 3421 om.¹
558 3379 581 3433 ψ
594 3368 605 3438 ΙΙ
621 3372 743 3421 6ε11ιιιῐιν
761 3373 786 3421 Α
803 3368 814 3438 ti
831 3373 881 3421 ote
899 3384 978 3419 omne
995 3368 999 3432 Ι
1015 3369 1098 3421 Solus

181 3440 372 3502 contemptorV
389 3440 415 3487 A
433 3434 444 3502 Η
461 3440 510 3488 630
527 3438 592 3489 Illa
612 3441 659 3504 qui
678 3435 726 3506 Gi!
744 3441 798 3488 atri
813 3439 817 3503 ί
833 3441 858 3490 Α
870 3436 882 3504 ii
893 3438 1019 3488 tristemV
1038 3439 1062 3487 A
1084 3440 1097 3503 Η

181 3504 230 3554 631
248 3504 326 3553 uidet
341 3505 345 3568 Ι
361 3505 385 3552 A
398 3502 410 3568 ΙΙ
422 3506 517 3554 uitae„
536 3503 583 3571 ΑΗ
596 3510 645 3558 633
663 3507 744 3557 finem
759 3507 764 3571 Ι
780 3509 805 3558 Α
817 3505 891 3573 11636
910 3512 972 3558 θεῖν
991 3507 1015 3555 A
1039 3504 1051 3572 ss
