2550 3917
414 228 597 276 nnnovuas
614 215 805 296 [caranus]
1004 211 1070 277 403

149 376 297 429 armetur:
320 366 392 427 illud
408 366 520 427 fulmen
536 366 635 428 exiliat
651 367 719 445 polo

149 472 223 532 quo,
240 454 295 513 nisi
312 452 416 512 luisset
430 454 547 530 genitus
561 452 679 513 Alcides
694 452 762 521 tibi,

149 538 272 617 hydram
289 554 466 597 cremasses:
490 546 604 615 pestem
619 545 652 597 ut
666 537 813 598 insolitam
831 538 886 598 leri

149 629 178 683 et
192 630 225 683 ut
240 639 370 683 nouerca
385 622 483 700 potius
498 621 573 682 irata
588 620 709 682 malum.

148 707 249 768 emitte
265 706 356 767 telum
373 704 459 784 quale
474 707 503 765 in
520 714 669 766 errantem
687 708 768 785 prius

148 791 330 852 Phaethonta
347 791 468 851 missum
484 798 543 851 est:
567 791 684 870 perdidi
699 791 761 851 sola
777 791 936 852 Herculem

148 878 253 955 etipsa
270 873 404 953 populos.
421 911 462 919 -
478 875 548 953 quic]
564 894 653 953 rogas
668 875 758 936 telum
774 876 863 937 cleos?

148 961 205 1020 iam
221 979 311 1039 parce
327 978 445 1029 socero,
462 961 619 1038 coniugem
635 960 753 1021 Alcidae
769 979 872 1021 necem

148 1052 252 1123 optare
266 1042 384 1122 pudeat.
414 1044 489 1104 haec
504 1046 561 1105 erit
575 1053 647 1106 uoto
663 1064 783 1106 manus:

148 1148 164 1189 a
179 1148 228 1189 me
242 1136 368 1205 petatur.
401 1148 512 1207 occupa
529 1130 642 1190 lerrum
659 1131 750 1191 ocius.
767 1164 809 1174 -

149 1232 202 1293 cur
217 1214 323 1274 deinde
337 1215 469 1275 serrum?
494 1215 632 1292 qiricquid
649 1215 685 1274 acl
702 1222 827 1275 mortem
843 1214 933 1275 trahit
993 1284 997 1293 Ι

150 1298 239 1359 telum
256 1306 301 1359 est
315 1298 448 1359 abunde:
471 1317 547 1377 rupe
564 1298 600 1359 ah
616 1299 747 1359 aetheria
763 1301 852 1360 ierar.

149 1383 221 1443 haec
237 1383 310 1443 haec
324 1391 461 1445 renatum
477 1386 572 1460 prima
588 1402 664 1461 quae
682 1387 774 1461 poscit
790 1384 868 1445 diem

149 1466 219 1526 Oeta
236 1466 374 1545 eligatur,
390 1486 500 1547 corpus
514 1467 585 1527 hinc
601 1470 676 1528 mitti
692 1468 797 1546 placet.

148 1549 272 1630 abrupta
288 1561 388 1613 cautes
403 1554 518 1613 suadet
533 1560 562 1613 et
577 1561 692 1630 partem
709 1555 767 1615 mei

149 1636 223 1696 leret
238 1652 325 1696 omne
343 1654 462 1707 saxum,
479 1638 627 1713 pendeant
643 1638 759 1699 lacerae
774 1655 880 1698 manus

148 1727 300 1799 totumque
315 1720 422 1782 ruheat
436 1724 536 1801 asperi
550 1725 659 1782 montis
675 1723 759 1784 latus.

146 1804 220 1865 leuis
234 1823 293 1866 una
310 1816 451 1866 moreest
467 1807 556 1876 leuis,
573 1816 603 1867 at
618 1809 735 1868 extendi
752 1816 857 1885 potest.

147 1888 257 1967 eligere
272 1892 369 1951 nescis
384 1893 481 1952 anime
498 1893 545 1951 cui
561 1891 620 1952 telo
637 1892 779 1954 incohes?

146 1976 257 2034 utinam
274 1982 352 2035 esset
367 1977 478 2037 utinam
493 1976 570 2035 fixus
585 1978 614 2035 in
630 1976 766 2038 thalamis
781 1980 854 2038 meis

144 2057 303 2118 herculeus
319 2062 406 2120 ensis,
438 2061 507 2120 huic
522 2060 607 2121 decet
622 2061 703 2122 lerro
718 2064 836 2123 inmori.
853 2098 895 2108 -

145 2160 200 2203 una
218 2144 318 2221 perire
334 2143 454 2205 dextera
471 2145 557 2206 nohis
572 2153 616 2206 eat
631 2148 694 2207 est?

144 2228 220 2287 coite
237 2235 349 2304 gentes.
379 2247 448 2289 saxa
465 2237 494 2289 et
509 2231 657 2290 inmensas
673 2232 752 2291 laces

144 2312 289 2373 iaculetur
304 2311 399 2388 ochis,
418 2313 497 2373 nulla
513 2332 574 2374 non
589 2322 685 2377 certet
700 2334 815 2376 manus,

144 2398 289 2475 concipite
304 2396 377 2457 tela:
400 2398 548 2458 uindicem
566 2409 700 2460 uestrum
717 2399 833 2461 ahstuli.

208 2636 260 2684 854
278 2633 333 2683 niai
350 2634 375 2682 Ε
394 2635 423 2682 ιιί
441 2635 466 2682 Α
479 2630 491 2699 Η
503 2635 553 2684 866
572 2638 719 2685 cremaseie
736 2634 762 2684 E
773 2632 785 2701 Η
797 2637 847 2686 856
865 2637 902 2685 Ec
919 2639 949 2686 tu
967 2651 994 2686 n.
1014 2653 1060 2701 po-

142 2702 196 2752 tius
214 2703 233 2753 i.
251 2717 288 2751 m.
307 2701 333 2750 E
355 2703 393 2751 Et
410 2705 442 2750 ut
459 2716 486 2749 ιι.
504 2702 585 2765 peine
602 2702 621 2751 i.
640 2718 675 2751 m.
694 2703 720 2753 A
742 2710 853 2752 ceterum
870 2705 905 2765 cf.
924 2721 947 2753 o.
967 2706 1025 2755 664.
1046 2705 1059 2768 Η

140 2770 190 2820 868
207 2769 350 2821 Phetonta
367 2768 417 2833 Εψ
435 2784 504 2820 corr.
517 2770 543 2818 A
555 2766 567 2833 Η
579 2769 639 2820 cola
657 2770 796 2820 herculem
815 2769 840 2818 E
852 2771 893 2820 Ml
908 2772 928 2820 R
946 2772 978 2819 in
997 2772 1060 2821 eolo

140 2836 266 2887 Hercule
284 2838 361 2889 NHc.
379 2840 443 2888 cont.
461 2854 487 2887 ιι.
501 2838 577 2889 1846.
595 2842 690 2902 erepto
709 2838 829 2889 Hercule
849 2840 874 2888 A
891 2834 902 2904 Η
919 2840 968 2889 861
988 2839 1060 2889 haec

140 2905 206 2955 EM
235 2905 288 2955 hoc
306 2907 331 2955 A
353 2902 365 2971 Η
384 2909 449 2956 uoto
468 2904 494 2954 Ε
506 2905 723 2955 rhemnona
737 2907 860 2956 &anuali
888 2910 982 2956 notum
1001 2908 1025 2955 A
1046 2907 1059 2968 Η

140 2988 236 3023 manua
255 2974 294 3023 εΑ
312 2975 404 3023 maine
421 2970 468 3039 ψΗ
479 2973 530 3023 862
548 2973 695 3037 occupar'a
715 2973 740 3022 Ε
752 2970 764 3039 Η
775 2974 825 3024 863
845 2973 901 3024 Cur
918 2974 1016 3023 deinde
1034 2974 1060 3023 E

140 3041 246 3105 Ltpaiue
263 3057 299 3091 ex
312 3040 443 3093 Orteliano
461 3049 489 3091 ut
507 3042 618 3092 uidetur.
637 3043 672 3105 9?
691 3040 763 3090 Cur?
776 3041 854 3091 deme
868 3042 893 3090 A
912 3042 1060 3103 demonem

140 3109 247 3159 demum
265 3110 289 3159 R
305 3110 377 3175 Moy.
395 3114 429 3160 al.
447 3111 514 3163 Pau.
537 3126 571 3159 an
588 3108 737 3159 Reconde
755 3109 795 3158 f.?
816 3104 827 3175 Η
849 3109 884 3158 ad
903 3112 1016 3159 mortem
1034 3109 1059 3157 Ε

141 3178 167 3226 in
185 3193 220 3226 m.
240 3178 265 3227 A
278 3174 290 3243 Η
302 3178 376 3229 trahi
395 3194 414 3229 α
432 3194 485 3231 err.
505 3185 559 3242 typ.
572 3172 584 3243 Η
600 3178 651 3227 866
670 3176 742 3226 Oeta
761 3177 786 3226 A
806 3176 921 3226 Oceano
940 3176 964 3224 Ε
980 3173 992 3241 Η
1009 3176 1059 3226 867

138 3245 270 3310 abrupta)
291 3262 308 3310 p
325 3263 357 3295 m.
376 3262 428 3296 rec.
447 3246 473 3296 Ε
485 3241 497 3309 Η
508 3246 558 3296 869
577 3246 670 3309 asperi
689 3243 728 3293 εΑ
754 3260 883 3309 asperum
901 3246 924 3295 R
935 3241 946 3309 Η
958 3245 1059 3293 montis

140 3314 179 3362 εΑ
195 3308 208 3379 Η
225 3315 301 3377 ponti
318 3315 342 3364 R
354 3314 425 3378 Moy.
441 3314 534 3363 nitro
545 3310 557 3378 Η
573 3315 623 3363 870
636 3317 667 3362 at
679 3312 704 3362 A
718 3317 746 3362 et
757 3311 783 3361 Ε
795 3308 807 3378 Η
822 3314 872 3363 872
885 3313 1022 3362 thalamos
1034 3310 1060 3359 Ε

140 3380 271 3431 thalamis
283 3383 309 3433 A
320 3378 333 3448 Η
348 3384 399 3433 876
418 3380 551 3445 colligite
572 3380 650 3431 Ortel.
664 3376 676 3446 Η
688 3380 839 3431 immensas
851 3380 876 3429 Ε
893 3380 1023 3446 ingentes
1036 3380 1060 3430 R

139 3449 268 3501 incensas
287 3451 311 3499 A
335 3446 347 3516 Η
370 3452 420 3501 876
438 3449 518 3499 nulla
535 3464 592 3499 non
608 3449 633 3498 Ε
663 3448 741 3499 nulla
760 3463 833 3497 nunc
855 3449 881 3499 A
898 3446 911 3515 Η
929 3450 1021 3499 cesset
1037 3464 1059 3498 m

140 3517 217 3567 nulla
236 3522 387 3568 concesset
406 3518 484 3568 Gran.
508 3516 584 3567 nulla
603 3533 659 3567 non
677 3521 780 3568 certet
798 3519 902 3582 scripsi.
925 3513 938 3583 Η

788 3598 853 3662 26*
