2550 3917
511 219 678 266 PHAEDRA

136 364 206 424 lraeo
221 361 361 422 delicatas
377 359 490 437 eligens
504 360 596 437 pestis
612 359 734 419 domos?

137 467 189 508 cur
202 454 302 506 sancta
319 447 421 522 paruis
436 443 548 502 habitat
561 444 592 502 in
607 445 694 504 tectis
710 445 806 504 Venus

136 532 322 609 mediumque
338 546 426 590 sanos
441 527 547 605 uulgus
562 528 695 588 adlectus
711 536 792 589 tenet

137 627 166 677 et
177 637 210 677 se
225 621 368 676 coercent
382 612 515 673 modicai
538 619 641 672 contra
656 613 762 673 diuites

137 717 289 780 regnoque
305 697 371 759 iulti
386 696 472 776 plura
489 714 576 774 quam
593 697 636 757 las
653 704 697 758 est
712 697 831 774 petunt?

137 785 214 866 quod
230 802 291 844 non
307 789 418 860 potest,
433 781 497 842 uult
512 799 599 858 posse
614 783 664 858 qui
680 783 802 842 nimium
817 788 922 860 potest.

113 881 123 928 i
180 868 256 940 Quid
272 869 377 929 deceat
391 865 449 927 alto
464 866 627 944 praeditam
644 864 718 926 solio
734 865 832 927 uides:

137 962 235 1015 metue
250 971 286 1013 ac
301 969 409 1012 uerene
424 957 540 1029 sceptra
556 953 715 1011 remeantis
730 951 797 1011 uiri.

84 1117 87 1122 ’
106 1149 122 1182 u
180 1135 236 1182 ΡΗ.
260 1121 377 1182 Amoris
390 1121 421 1180 in
436 1138 485 1180 me
500 1121 660 1179 maximum
676 1137 801 1197 regnum
816 1127 887 1198 puto

31 1198 32 1273 l
137 1208 308 1286 reditusque
323 1204 420 1265 nullos
435 1212 550 1264 metuo:
573 1221 633 1263 non
651 1221 789 1283 umquam
806 1203 931 1280 amplius

31 1296 32 1315 ¹
117 1366 121 1372 Ι
137 1309 269 1352 connexa
285 1291 380 1364 tetigit
394 1307 502 1367 supera
518 1289 567 1366 qui
584 1305 700 1348 mersus
715 1287 807 1348 semel

137 1377 209 1436 adiit
222 1374 360 1434 silentem
376 1380 463 1434 nocte
477 1381 620 1450 perpetua
636 1373 767 1432 domum.

104 1461 126 1519 u'
178 1473 281 1520 nv'rtt.
307 1458 350 1519 Ne
366 1457 454 1518 crede
470 1458 537 1517 lliti.
568 1456 707 1517 clauserit
721 1475 846 1534 regnum
863 1455 931 1517 licet

138 1547 277 1622 canisque
293 1542 371 1603 diras
386 1543 497 1620 stygius
512 1541 652 1601 obseruet
667 1541 762 1601 iores:

138 1629 218 1690 solus
233 1636 356 1705 negatas
371 1628 485 1687 inuenit
500 1626 633 1686 Theseus
648 1628 721 1686 uias.
1034 1639 1078 1680 ru.
1092 1640 1152 1681 nux

138 1728 194 1774 ΡΗ.
219 1714 336 1773 ueniam
353 1710 402 1772 illc
418 1713 513 1770 amori
528 1711 652 1770 forsitan
667 1717 768 1770 nostro
784 1709 873 1770 dabit.
1069 1725 1119 1773 230

108 1810 124 1858 b
182 1810 285 1858 nvrn.
308 1796 423 1856 lumitis
438 1796 524 1856 etiam
543 1795 660 1870 coniugi
677 1803 775 1856 castae
791 1795 860 1854 luit:

139 1890 258 1962 experta
274 1899 393 1940 saeuam
410 1887 454 1940 est
469 1879 595 1940 barbara
610 1880 736 1956 Antiope
751 1896 882 1940 manum.

138 1968 188 2028 sed
204 1984 292 2044 posse
307 1965 385 2024 ssecti
402 1965 558 2039 coniugem
574 1965 681 2024 iratum
698 1973 784 2041 puta:

139 2054 203 2129 quis
218 2051 307 2110 huius
322 2051 453 2109 animum
469 2048 569 2108 flectet
584 2047 819 2109 intractabilem?

139 2151 275 2196 exosus
290 2151 378 2194 omne
395 2134 522 2194 leminac
537 2139 645 2192 nomen
662 2132 750 2210 fugit,

139 2220 250 2279 inmitis
265 2236 358 2279 annos
374 2216 478 2277 caelibi
494 2219 573 2277 uitae
588 2217 680 2286 dicat,

139 2302 264 2364 conubia
279 2303 367 2362 uitat:
391 2318 486 2378 genus
501 2304 686 2361 amazoninm
702 2302 789 2362 scias.

105 2389 127 2444 b'
178 2402 235 2448 ΡΗ.
258 2387 346 2447 llunc
361 2388 390 2446 in
407 2386 503 2446 niuosi
519 2385 602 2446 collis
617 2385 788 2446 hoerentem
804 2386 879 2464 iugis

142 2481 168 2533 et
183 2490 289 2550 aspera
305 2470 373 2546 agili
388 2488 456 2530 saxa
473 2469 635 2530 calcantem
651 2470 726 2550 pede

138 2559 221 2634 sequi
235 2574 290 2636 per
305 2555 363 2615 alta
378 2566 500 2615 nemora
516 2571 570 2631 per
586 2562 701 2614 montes
716 2554 822 2632 placet.
1069 2567 1120 2617 240

138 2655 239 2701 nvrn.
264 2642 383 2700 resistet
397 2637 446 2698 ille
461 2657 552 2717 seque
568 2637 758 2699 mulcendum
775 2639 856 2701 dabit

140 2733 292 2805 castosque
307 2727 383 2784 ritus
398 2742 509 2783 uenere
525 2741 584 2782 non
601 2732 678 2783 casta
696 2724 800 2783 exuet?

139 2809 188 2870 tibi
205 2816 295 2888 ponet
310 2808 432 2868 odium
449 2809 532 2868 cuius
548 2807 619 2867 odio
632 2807 756 2868 forsitan

139 2895 326 2974 persequitur
343 2893 464 2953 omnes‘l

139 2993 193 3040 ΡΗ.
499 2975 640 3056 precibus
655 2975 732 3037 haud
749 2976 828 3038 uinci
844 2975 961 3056 potest?

203 3167 254 3215 218
272 3166 464 3214 etsecoernont
481 3161 506 3210 E
528 3158 541 3227 ΙΙ
563 3164 613 3212 223
632 3161 692 3212 fero
710 3163 735 3212 A
758 3168 824 3228 puto
843 3164 892 3214 Eli
914 3161 973 3228 (sed
990 3167 1050 3216 add.

139 3235 194 3284 eod
212 3249 244 3284 m.
261 3235 289 3282 in
306 3233 343 3282 R.-
361 3221 378 3280 l'
398 3229 466 3292 lero)
486 3225 499 3294 11
521 3231 571 3279 227
590 3229 656 3279 ditis
676 3230 811 3282 clauserit
829 3232 854 3280 A
873 3232 925 3280 diti
944 3231 1051 3282 clause-

139 3302 173 3350 rit
197 3301 223 3349 E
250 3297 385 3360 (cluserit
412 3306 429 3348 t.
455 3296 520 3361 Gr.)
549 3293 562 3361 ΙΙ
590 3299 638 3348 241
670 3297 751 3348 NVT.
771 3299 796 3348 A
826 3315 872 3348 om.
892 3299 917 3348 E
938 3301 1003 3350 huuc
1026 3307 1051 3350 et

139 3383 207 3433 sequ.
225 3385 250 3417 u.
272 3368 410 3418 Phaedrae
432 3367 606 3429 amipnandos
632 3368 730 3415 cenauit
751 3367 825 3431 Lips.
855 3362 866 3430 ll
895 3369 945 3418 243
967 3368 1050 3420 NVT.

139 3437 275 3569 tibipEonpt
295 3435 321 3484 E
350 3435 431 3484 NVT.
454 3449 502 3484 om.
527 3433 552 3482 A
582 3429 593 3497 ΙΙ
622 3433 673 3481 ‘244
699 3433 757 3485 PH.
782 3433 913 3498 precibus
936 3435 961 3484 A
991 3435 1051 3485 ΡΗ.

139 3519 182 3553 om.
