2550 3917
189 162 249 227 188
472 179 502 224 n.
519 177 652 224 anuum
669 176 824 224 sunnone

272 317 401 378 labimur
416 334 507 378 saeuo
522 318 658 396 rapiente
674 317 743 377 lato.

272 402 391 464 ducitur
406 419 526 481 semper
540 420 619 462 noua
635 419 743 480 pompa
760 402 857 462 morti.

274 487 380 564 longus
395 487 432 548 ad
448 505 553 548 manes
568 495 748 565 properatur
763 487 836 546 ordo

271 573 397 649 agminis
413 573 518 634 maesti
533 573 686 650 seriesque
702 572 794 632 tristis

270 656 375 717 haeret
390 664 419 717 et
435 656 541 717 turbae
556 655 687 717 tumulos
701 657 814 736 petenti

272 759 330 800 non
347 742 416 802 satis
432 749 547 820 septem
563 748 686 819 patuere
702 749 814 818 portae.
860 791 863 796 ,

271 832 328 885 stat
342 827 444 904 grauis
460 834 574 904 strages
589 827 911 905 premiturqueinncto

354 912 459 971 funere
475 910 572 972 sunus.

316 1043 394 1107 Colla
411 1054 543 1106 tacturus
559 1051 681 1106 steterat
696 1045 849 1106 sacerdos:

271 1129 342 1190 dum
358 1148 463 1192 manus
480 1140 593 1191 certum
610 1137 695 1208 parat
711 1128 768 1188 alta
786 1128 908 1200 uulnus,

271 1233 363 1274 aureo
380 1222 483 1276 taurus
498 1214 637 1274 rutilante
655 1233 748 1274 cornu

164 1337 170 1342 ·
270 1298 378 1359 labitur
393 1302 501 1378 segnis.
533 1301 627 1378 patuit
644 1298 698 1360 sub
714 1301 775 1358 ictu

270 1383 413 1463 ponderis
429 1386 505 1445 uasti
520 1383 649 1445 resoluta
668 1387 786 1444 ceruix:

270 1486 327 1528 nec
343 1487 432 1530 cruor
447 1471 560 1530 lerrum
578 1467 737 1528 maculauit
752 1475 824 1529 ater.

270 1552 366 1630 turpis
381 1572 398 1613 e
412 1553 498 1632 plaga
514 1555 610 1614 sanies
626 1554 758 1632 prolusa.

271 1639 390 1716 segnior
407 1656 497 1698 cursu
515 1641 635 1716 sonipes
651 1639 682 1697 in
698 1639 763 1717 ipso

273 1723 402 1783 concidit
417 1740 490 1801 gyro
506 1718 718 1802 dominumque
733 1740 831 1799 prono

357 1807 488 1886 prodidit
502 1826 594 1868 armo.

312 1941 410 2001 Prima
427 1943 472 2003 uis
487 1942 587 2003 tardas
602 1943 698 2018 tetigit
713 1940 859 2003 bidentes.

270 2023 384 2104 laniger
401 2027 526 2104 pingues
542 2025 618 2087 male
634 2027 745 2104 carpsit
760 2025 878 2088 herbas.

270 2109 413 2170 incubant
428 2113 507 2188 agris
522 2111 652 2190 pecudes
668 2110 802 2180 relictae,

270 2205 373 2255 taurus
388 2203 524 2277 armento
539 2207 684 2274 pereunte
701 2203 821 2255 marcet.

273 2278 372 2340 deficit
387 2287 487 2359 pastor
504 2298 594 2358 grege
610 2280 754 2340 diminuto

272 2363 387 2424 tabidos
402 2366 480 2425 inter
496 2368 627 2425 moriens
644 2367 793 2425 iuuencos

271 2467 331 2508 non
347 2447 432 2526 lupos
448 2452 531 2512 cerui
546 2457 682 2510 metuunt
697 2466 835 2526 rapaces,

273 2542 369 2594 cessat
382 2535 450 2595 irati
466 2536 600 2595 fremitus
615 2533 725 2601 leonis,

271 2617 351 2678 nulla
367 2617 478 2679 uillosis
494 2620 594 2680 leuitas
610 2621 639 2678 in
656 2619 747 2687 ursis,

271 2702 401 2782 perdidit
416 2711 528 2781 pestem
544 2703 691 2764 latebrosa
707 2720 846 2780 serpens,

273 2795 337 2848 aret
352 2797 381 2848 et
396 2789 474 2850 sicco
490 2790 617 2849 moritur
633 2805 765 2854 ueneno,

257 3127 305 3175 126
323 3127 445 3191 rapimur
466 3128 527 3176 Tbu.
550 3126 561 3193 ΙΙ
583 3129 631 3178 132
650 3127 744 3176 iuncto
763 3127 851 3177 εΤΙιιι.
868 3128 962 3178 uincto
980 3129 1005 3176 A
1057 3129 1107 3178 134

190 3195 239 3244 135
258 3196 407 3258 transposui
419 3202 483 3258 post
499 3211 524 3244 u.
544 3197 593 3244 144
604 3191 616 3260 ΙΙ
634 3197 681 3244 141
702 3199 763 3245 atre
781 3210 803 3244 ω
821 3197 916 3260 scripsi
934 3200 1003 3245 ater
1057 3197 1106 3246 142

186 3261 300 3326 profuse
313 3266 357 3312 est
369 3263 394 3311 A
414 3267 458 3312 est
475 3278 524 3316 om.
541 3263 595 3325 Eo
613 3263 701 3328 turpis
716 3267 758 3312 est
771 3277 796 3326 p.
816 3277 837 3312 s.
857 3279 883 3328 p.
904 3259 949 3329 ΕΗ
961 3264 1010 3312 146
1030 3265 1106 3326 agris

186 3329 211 3376 E
234 3331 323 3392 pratis
341 3330 365 3378 A
389 3325 401 3394 ΙΙ
425 3332 474 3380 148
493 3331 528 3379 de
545 3332 649 3380 minuto
667 3331 693 3379 E
710 3330 772 3380 dim.
791 3331 816 3378 A
841 3327 853 3396 Η
877 3333 924 3382 1153
942 3329 1063 3395 perdidit
1080 3330 1106 3378 E

191 3397 266 3448 Voce.
286 3396 409 3460 perbidit
426 3398 565 3446 Delrionue
582 3398 705 3461 perbibit
723 3399 747 3447 A
765 3393 776 3464 Η
797 3400 846 3448 154
863 3398 962 3448 Arida
982 3401 1011 3449 et
1029 3399 1105 3449 NHa.

188 3471 246 3512 nost
263 3464 286 3513 b.
307 3480 332 3516 u.
354 3464 502 3526 sapphicum
519 3480 593 3512 unum
610 3481 664 3514 cum
682 3467 775 3516 adonio
795 3467 924 3516 caecidisse
941 3468 1060 3530 compleor
1083 3462 1096 3531 ΙΙ
