2550 3917
510 183 660 234 OEDlPVS

84 321 112 377 b'
168 320 327 382 Scrutatur
342 323 446 384 auidus
460 323 596 385 nranihus
612 327 696 386 uncis
711 324 837 388 lumina:
901 356 903 362 s

119 405 224 467 radice
240 405 278 465 ab
293 407 351 465 ima
369 407 499 468 tunditus
514 407 615 468 uulsos
629 410 717 471 simul
769 436 773 441 ⁴

120 489 237 551 euoluit
253 490 353 551 orbes.
384 492 486 552 haeret
502 495 531 552 iu
547 512 641 555 uacuo
658 513 763 556 manus

119 582 151 634 et
165 575 222 635 lixa
238 577 357 653 penitus
373 577 522 654 unguibus
537 577 648 640 lacerat
663 599 752 640 rauos

118 657 180 718 alte
195 677 332 720 recessus
347 659 490 722 luminum
507 673 536 723 et
552 663 655 724 inanes
671 666 751 725 sinus

117 746 277 822 saeuitque
292 746 402 806 trustra
418 746 647 827 plusquequam
664 751 734 810 satis
750 759 794 810 est
810 749 889 812 surii.

80 830 108 887 d'
164 827 293 890 Tantum
309 838 354 890 est
368 831 513 908 periclum
528 831 611 894 lucie.
643 833 749 894 attollit
764 845 853 914 caput

117 915 262 991 cauisque
279 914 408 976 lustrans
423 916 546 978 orbibus
562 917 634 978 caeli
651 918 751 997 plagas

115 1007 237 1058 noctem
255 1001 415 1078 experitur.
447 1003 587 1080 quicquid
603 1003 718 1062 effossis
734 1003 809 1064 male

115 1083 268 1161 dependet
284 1084 392 1155 oculis,
409 1088 519 1164 rumpit
534 1095 563 1145 et
577 1089 675 1147 uictor
692 1088 763 1149 deos
1056 1103 1105 1152 995

116 1167 286 1229 conclamat
301 1171 413 1230 omnis:
438 1171 567 1248 ‘parcite
583 1172 642 1232 heu
658 1175 770 1250 patriae
787 1191 909 1252 precor:

113 1254 175 1313 iam
191 1256 267 1314 iusta
285 1254 355 1321 teci,
372 1255 487 1316 debitas
502 1273 613 1332 poenas
629 1256 691 1318 tuli.

112 1339 237 1398 inuenta
254 1338 393 1400 thalamis
408 1341 496 1419 digna
514 1359 572 1401 nor
589 1342 708 1403 tandem
725 1343 819 1402 meis'

112 1424 216 1499 rigat
231 1441 285 1484 ora
302 1424 405 1486 ioedus
420 1423 539 1486 imber
555 1434 584 1486 et
599 1426 730 1487 lacerum
747 1436 851 1506 caput,

29 1574 35 1580 ‚
111 1507 231 1584 largum
249 1509 377 1570 reuulsis
393 1511 565 1586 sanguinem
582 1512 666 1572 uenis
681 1513 782 1572 uomit.
801 1547 838 1556 —

501 1777 649 1826 cflouvs.

72 1959 90 1991 a
288 1931 366 1992 Fatis
381 1934 510 2009 agimur:
535 1934 628 1994 cedite
644 1935 719 1997 latis

243 2034 304 2076 non
321 2017 461 2077 sollicitae
477 2028 602 2096 possunt
618 2038 708 2080 curae

241 2110 358 2161 mutare
374 2104 429 2162 rati
444 2104 567 2163 stamina
584 2105 649 2164 lusi.

287 2270 434 2351 Quicquid
450 2273 577 2350 patimur
593 2273 719 2334 mortale
735 2292 844 2352 genus,

242 2356 382 2433 quicquid
400 2356 540 2424 iacimus,
557 2359 639 2417 uenit
656 2377 690 2418 ex
707 2357 766 2419 alto

241 2449 399 2520 seruatque
415 2459 486 2501 suae
502 2442 620 2502 decreta
637 2442 721 2502 colus

242 2523 381 2585 Lachesis
397 2525 468 2586 dura
486 2525 620 2586 reuoluta
637 2545 735 2588 manu.

285 2693 389 2754 Omnia
405 2702 489 2755 recto
505 2697 622 2757 tramite
637 2696 751 2757 uadunt

241 2781 415 2857 primusque
432 2780 495 2840 dies
510 2780 591 2840 dedit
607 2789 783 2843 extremum.

241 2881 300 2921 non
318 2862 365 2923 illa
382 2865 437 2923 deo
455 2865 580 2926 uertisse
595 2864 664 2925 licet

217 3019 223 3025 Ι
241 2966 316 3026 quae
333 2967 406 3009 uera
423 2950 485 3009 suis
500 2958 625 3009 currunt
641 2952 747 3012 causis.
767 2955 775 2961 '

176 3205 227 3252 991
247 3207 292 3251 set
310 3206 352 3253 est
370 3203 458 3253 eurr
476 3205 547 3253 setis
559 3208 603 3254 est
620 3205 646 3254 Α
659 3201 669 3268 Η
682 3207 731 3255 992
750 3204 840 3253 Tanti
858 3209 900 3254 est
919 3205 994 3256 ⁴i'Hr.
1015 3206 1028 3268 Η

102 3273 156 3322 995
177 3269 309 3334 dependit
327 3269 352 3319 E
369 3267 381 3336 ΙΙ
397 3273 447 3322 996
467 3287 501 3321 en
519 3272 565 3322 εΑ
584 3271 639 3320 heu
657 3275 698 3334 ap?
715 3268 726 3337 li
744 3274 793 3323 997
812 3273 888 3322 iusse
906 3288 927 3322 ω
944 3272 1029 3322 iusta

102 3339 184 3388 Nile.
198 3335 291 3402 iltuto
308 3344 403 3388 uomet
420 3338 446 3386 E
457 3336 469 3404 Ι]
483 3342 546 3390 1991
566 3341 708 3404 αςςζίιῃιιν
727 3336 768 3401 (er
781 3342 830 3389 del.
845 3357 875 3389 m.
888 3339 950 3403 aec.)
969 3340 994 3388 Ε
1015 3341 1028 3403 ΙΙ

103 3405 214 3456 credite
227 3405 253 3453 E
259 3414 282 3468 ψ
296 3406 386 3456 cedite
401 3408 424 3456 Α
437 3403 449 3472 ΙΙ
462 3408 527 3457 1996
540 3422 606 3456 suae
619 3407 676 3457 ΕΑ
689 3423 739 3457 sua
751 3415 774 3472 ψ
787 3403 799 3474 11
813 3409 878 3458 1998
891 3413 966 3458 secto
979 3407 1028 3472 Εψ

102 3480 186 3539 septo
204 3472 365 3524 Bocrucciuo
385 3479 460 3524 certo
479 3475 503 3523 Α
523 3482 615 3525 recto
636 3476 714 3527 oron.
739 3472 751 3541 ΙΙ
