2550 3917
164 179 229 244 310
436 195 467 242 u.
493 195 628 242 auram
651 195 807 245 sursera

132 331 159 390 b'
365 333 450 394 Nune
465 333 585 394 Phoebe
602 336 685 394 mitte
700 352 807 395 currus

318 416 399 477 nuilo
415 427 551 479 morante
566 417 641 479 loro.

317 520 376 563 nox
392 503 499 562 condat
514 501 591 563 alma
606 502 718 574 iuoem,

316 596 432 665 mergat
447 587 524 648 diem
538 587 705 648 timendum

316 671 374 732 dux
390 673 485 732 noetis
500 673 661 750 Hesperus.

224 937 384 987 NVNTIVS.
409 935 556 1001 CHORVS.
578 938 722 986 NVTRIX.
746 939 877 985 Menos.
902 938 1017 987 IASON.

128 1121 147 1155 a
207 1109 310 1155 NVNT.
333 1094 454 1155 Periere
471 1102 586 1154 cuncta.
619 1095 748 1155 concidit
763 1096 850 1172 regni
864 1104 964 1156 status.

164 1187 250 1258 gnata
267 1186 354 1257 atque
369 1179 484 1256 genitor
501 1181 601 1240 cinere
616 1180 762 1256 permixto
777 1180 883 1240 iacent.

163 1276 243 1324 0110.
268 1282 325 1342 qua
341 1262 445 1323 fraude
461 1263 556 1342 capii?

162 1362 267 1408 rivus.
589 1367 645 1427 qua
661 1347 758 1407 soient
772 1364 860 1425 reges
875 1349 955 1427 oapi:

164 1433 257 1492 donis.

159 1529 243 1576 0110.
309 1517 339 1575 in
355 1512 413 1575 iliis
429 1533 492 1576 esse
509 1517 574 1593 quis
589 1518 686 1593 potuit
701 1515 803 1576 dolus?

162 1615 265 1664 NVNT.
290 1607 319 1660 et
333 1601 397 1678 ipse
413 1601 506 1659 miror
524 1601 634 1677 uixque
650 1601 707 1659 iam
723 1598 800 1658 iacto
817 1600 894 1660 maio

162 1687 293 1762 potuisse
308 1684 373 1745 fieri
388 1684 487 1744 eredo.

162 1782 242 1828 0110.
346 1805 349 1812 ι
535 1769 600 1846 quis
616 1766 707 1828 cladis
723 1769 845 1829 modus?

127 1851 154 1910 a'
207 1866 313 1912 uvur.
336 1852 449 1912 Auidus
465 1868 655 1929 peromnem
671 1854 770 1928 regiae
785 1860 901 1930 partem
918 1853 989 1913 iurit

162 1947 195 1998 ut
210 1939 305 1997 iussus
321 1937 411 2014 ignis:
429 1938 488 1996 iam
504 1935 609 1995 domus
625 1937 823 2007 eumoccidit,

162 2021 231 2082 urbi
246 2023 374 2080 timetur.

162 2118 243 2165 ono,
411 2104 489 2163 unda
505 2104 640 2173 dammas
655 2106 811 2182 opprimat.
1100 2117 1153 2167 895

162 2204 267 2250 riviro.
292 2197 319 2248 et
335 2189 392 2248 hoe
407 2189 438 2247 in
452 2189 509 2248 ista
524 2187 607 2248 dade
623 2189 790 2250 mirandum
806 2190 927 2250 accidit:

164 2274 215 2334 aiii
229 2274 309 2335 unda
323 2273 457 2333 flammas
472 2290 591 2350 quoque
606 2273 783 2351 prohibetur
798 2275 905 2351 magis,

163 2360 255 2434 magis
271 2357 355 2417 ardet
370 2359 460 2434 ignis,
478 2358 540 2434 ipsa
557 2357 704 2435 praesidia
720 2366 855 2435 occupat.

128 2451 145 2501 b
207 2455 309 2502 uvrs.
335 2441 415 2502 Effer
431 2442 551 2501 citatum
568 2441 637 2502 sede
654 2441 776 2520 pelopea
793 2443 918 2519 gradum

165 2526 276 2588 Medea.
306 2542 450 2603 praeceps
467 2525 613 2602 quaslibet
630 2537 725 2587 terras
740 2535 817 2604 pete.
1100 2539 1152 2588 900

70 2677 73 2686 ,
130 2609 157 2670 b'
211 2624 296 2671 Meo.
321 2609 423 2687 Egone
439 2617 470 2669 ut
485 2611 690 2671 recedamosi
705 2610 903 2688 profugissem
917 2613 1015 2689 prius:

161 2695 198 2755 ad
214 2697 271 2756 hoe
286 2695 425 2756 redirem.
457 2695 575 2772 nuptias
590 2701 693 2774 specio
709 2714 811 2755 nouas.

129 2803 145 2837 e
208 2780 283 2851 Quid
300 2781 397 2839 anime
413 2781 557 2840 cessas?
580 2796 708 2856 sequere
723 2779 839 2841 felicem
855 2781 1029 2859 impetum

161 2881 232 2942 pars
246 2863 403 2923 ultionis
418 2864 471 2922 isia
487 2882 545 2942 qua
560 2863 672 2938 gaudes
688 2873 777 2942 quota
794 2865 855 2924 esti

162 2965 243 3009 amas
258 2948 355 3008 adhuc
370 2947 481 3007 furiosa
496 2949 520 3008 si
536 2949 607 3008 satis
622 2955 667 3008 est
682 2948 734 3008 uhi

229 3207 280 3258 886
293 3205 425 3270 hesperus
435 3217 456 3252 ω
468 3200 624 3268 hesperugo
634 3199 892 3267 edhmdummorn
907 3199 1080 3252 NVNTIVS·

158 3272 308 3324 GHORVS
327 3296 334 3311 ·
352 3269 483 3319 MEDEA
502 3292 510 3309 ·
529 3268 640 3321 IASON
657 3269 683 3318 E
711 3267 891 3324 NVNOIVS·
913 3267 1080 3319 OHORVS·

158 3341 303 3392 NVTRIX
315 3335 603 3388 ·MEDEA·1ASON
614 3337 640 3386 A
657 3333 669 3402 ΙΙ
685 3337 736 3387 899
753 3334 836 3387 ΟΗΟ.
853 3336 932 3389 donis
944 3335 1043 3386 inillis
1056 3338 1083 3386 E

163 3409 259 3458 Donis.
279 3406 364 3457 0110.
385 3405 414 3454 in
431 3402 489 3454 illis
506 3404 531 3454 Α
561 3399 574 3468 ΙΙ
602 3406 654 3455 894
671 3404 817 3453 inmissus
835 3405 867 3456 oi.
889 3407 967 3457 Gron.
990 3399 1002 3470 ΙΙ
1030 3404 1083 3456 899

163 3475 269 3525 NVTR.
288 3473 312 3523 Α
331 3490 378 3525 om.
398 3467 444 3536 ΕΙΙ
457 3471 587 3537 pelopeia
606 3473 629 3521 Α
649 3471 767 3536 pelopea
785 3470 811 3519 Ε
833 3468 846 3537 ΙΙ
