2550 3917
437 215 618 262 nnsovnns
636 188 800 283 [nvnnus]
1034 201 1074 264 19

156 362 345 434 maestusque
362 356 487 435 phrygio
503 362 603 415 manat
618 356 647 415 io
663 354 764 433 Sipylo
779 354 866 433 lapis.
1089 373 1139 423 395

160 439 242 527 [quio
259 444 325 517 ipse
339 449 460 501 toruum
474 442 633 514 subducas
648 444 743 501 cresto
759 448 855 516 caput

155 531 283 603 illyrica
300 526 431 585 Cadmus
445 542 543 599 repara
552 542 734 600 permensus
745 525 839 600 supe,

155 617 266 685 leupus
280 613 405 685 reliquit
418 613 557 685 corporis
572 612 666 669 tracti
680 604 794 691 uatus.]

154 698 229 757 haec
245 703 275 755 te
290 702 410 779 manent
425 692 568 772 exempla.
606 693 799 753 dominare
815 701 847 753 ut
861 692 945 763 libet

156 783 227 843 dum
244 778 357 838 solita
375 780 482 855 regni
497 779 572 839 lata
588 784 617 837 tc
633 780 728 837 nostri
743 784 860 839 nocent.

111 877 147 936 k'‘
198 876 278 925 Luc,
307 863 438 939 Agedum
456 864 592 923 efferatas
607 862 709 923 rabida
724 881 814 923 uoces
829 881 934 924 amoue

155 959 185 1014 et
201 949 282 1009 disce
297 966 401 1026 regum
417 949 541 1026 imperia
558 946 595 1007 ab
611 946 713 1008 Alcide
728 949 797 1025 pati.

155 1054 211 1114 ego
227 1042 311 1111 rapta
328 1034 461 1111 quamuis
476 1039 591 1111 sceptra
608 1032 723 1092 uictrici
739 1050 841 1109 geram

134 1132 138 1140 ⁴
154 1123 258 1184 dextra
274 1134 435 1195 regamque
451 1118 637 1178 cuncta-sine
654 1115 753 1193 legum
768 1122 849 1177 metu

154 1222 227 1285 quas
243 1219 325 1263 arma
342 1204 472 1272 uincunt,
488 1219 583 1279 pauca
598 1218 654 1279 pro
670 1218 756 1261 causa
773 1200 893 1279 loquar,

153 1297 266 1369 nostra.
932 1355 938 1363 .

127 1392 137 1442 1
307 1370 435 1432 Cruento
452 1370 557 1432 cecidit
573 1370 602 1428 in
618 1368 695 1430 bello
711 1378 803 1446 pater,
856 1382 858 1385 ’

154 1459 290 1521 cecidere
307 1455 422 1516 fratres.
453 1472 625 1517 armenon
642 1461 763 1515 seruant
781 1455 910 1515 modum

154 1562 212 1605 nec
227 1541 389 1620 temperari
405 1539 489 1600 lacile
505 1558 561 1599 nec
576 1540 698 1615 reprimi
713 1546 812 1615 potest

152 1628 248 1688 stricti
265 1626 344 1685 ensis
359 1626 423 1684 ira.
453 1623 528 1684 bella
546 1622 672 1684 delectat
687 1641 787 1685 cruor:
806 1658 844 1668 -
899 1630 903 1635 '

153 1714 206 1774 sed
222 1710 271 1771 ille
287 1726 380 1785 regno
395 1726 451 1790 pro
468 1726 536 1776 suo,
554 1725 608 1767 nos
623 1708 749 1784 inproba

154 1797 294 1875 cupidine
311 1795 423 1855 acti-
440 1794 592 1872 quaeritur
607 1791 679 1852 belli
694 1795 798 1863 exitus,

152 1900 215 1941 non
231 1897 330 1941 causa.

117 1981 135 2038 l'
352 1998 355 2005 .
369 1962 427 2023 Sed
442 1980 522 2022 nunc
538 1969 642 2040 pereat
656 1963 752 2022 omnis
767 1965 919 2023 memoria.

153 2068 221 2111 cum
237 2050 335 2110 uictor
351 2066 447 2107 arma
463 2048 577 2124 posuit,
595 2052 625 2107 et
640 2047 750 2107 uictum
767 2046 851 2107 decet

153 2134 306 2212 deponere
322 2132 416 2192 odiat
447 2148 506 2190 non
523 2139 555 2190 ut
570 2130 679 2189 inflexo
696 2149 774 2208 genu

152 2226 327 2295 regnantem
344 2216 450 2276 adores
465 2216 601 2293 petimus
632 2215 690 2275 hoc
705 2216 801 2293 ipsum
817 2215 914 2293 placet

152 2305 252 2363 animo
268 2302 369 2361 ruinas
385 2300 463 2380 quod
480 2302 561 2377 capis
576 2317 683 2377 magno
700 2308 774 2361 tuas.

153 2406 185 2448 es
201 2404 273 2464 rege
290 2388 417 2446 coniunx
434 2384 536 2461 digna:
553 2385 700 2444 sociemus
715 2392 807 2445 toros.

112 2510 136 2542 m
193 2483 277 2531 mna.
308 2469 428 2531 Gelidus
443 2487 497 2547 per
513 2476 594 2529 artus
609 2469 690 2528 uadit
706 2470 848 2546 exanguis
861 2475 983 2530 tremor.

150 2556 231 2634 quod
246 2556 361 2615 lacinus
377 2572 464 2614 aures
480 2551 608 2631 pepulit?
630 2554 702 2614 haul
717 2554 854 2633 equidem
868 2554 974 2616 horrui

151 2660 218 2701 cum
234 2657 309 2717 pace
324 2647 412 2717 rupta
426 2638 551 2698 bellicus
566 2656 669 2698 muros
685 2638 786 2715 fragor
1080 2658 1132 2707 420

150 2726 396 2786 circumsonaret.
425 2722 534 2801 pertuli
549 2722 649 2783 intre
654 2723 740 2801 pide
756 2724 863 2783 omnia.

109 2815 141 2873 m‘
193 2807 352 2869 Thalamos
368 2815 563 2867 tremesco.
594 2815 677 2884 capta
695 2825 773 2867 nunc
787 2807 894 2869 uideor
909 2808 989 2869 mihi.

149 2900 277 2973 grauent
292 2902 413 2953 catenae
429 2909 537 2969 corpus
554 2899 583 2951 et
598 2891 684 2969 longa
701 2892 778 2951 lame

149 2996 230 3039 mors
246 2976 437 3057 protrahatur
452 2975 540 3037 lenta.
571 2994 631 3035 non
648 2978 747 3037 uincet
762 2976 849 3037 iidem

148 3065 193 3123 uis
211 3062 269 3123 ulla
285 3070 426 3122 nostram.
459 3060 569 3120 moriar
583 3059 685 3120 Alcide
699 3068 759 3121 tua.

215 3266 267 3316 395
284 3269 379 3315 manet
396 3266 422 3313 V
441 3260 453 3329 ll
475 3264 610 3314 396-398
627 3266 719 3314 sustuli
733 3259 745 3328 ΙΙ
763 3266 812 3315 397
829 3264 937 3329 Illyria
951 3266 1029 3317 dano.
1041 3262 1054 3331 l}

146 3334 196 3383 398
215 3332 341 3397 reliquit)
331 3332 414 3395 ltin
431 3348 485 3381 rus
504 3330 541 3381 13²
561 3328 574 3397 ll
597 3334 647 3382 399
665 3332 735 3382 libet
751 3334 799 3398 Vua
820 3331 899 3383 lubet
916 3334 956 3382 Αε
968 3329 991 3409 ll
1013 3333 1063 3382 401

146 3398 309 3465 effrenatas)
329 3403 402 3451 enin
419 3416 473 3449 ros.
491 3399 528 3448 E²
550 3396 555 3466 l
585 3399 683 3463 rapide
705 3398 738 3450 V¹
765 3396 813 3466 ll*
800 3416 896 3451 emoue
915 3416 950 3450 ex
965 3397 1063 3450 imane

143 3468 241 3531 sactum
263 3470 290 3519 V
310 3465 321 3535 ΙΙ
348 3470 399 3519 492
416 3465 539 3532 patr1E¹
566 3464 571 3533 Ι
593 3469 761 3518 manustra
779 3484 799 3517 u
821 3468 833 3534 ΙΙ

833 3548 878 3611 2*
