<?xml version="1.0" encoding="UTF-8"?>
<!DOCTYPE html PUBLIC "-//W3C//DTD XHTML 1.0 Transitional//EN"
    "http://www.w3.org/TR/xhtml1/DTD/xhtml1-transitional.dtd">
<html xmlns="http://www.w3.org/1999/xhtml" xml:lang="en" lang="en">
 <head>
  <title>
</title>
<meta http-equiv="Content-Type" content="text/html;charset=utf-8" />
  <meta name='ocr-system' content='tesseract 3.04.00' />
  <meta name='ocr-capabilities' content='ocr_page ocr_carea ocr_par ocr_line ocrx_word'/>
</head>
<body>
  <div class='ocr_page' id='page_1' title='image "./lannaeisenecaet00richgoog_0177.png"; bbox 0 0 2550 3917; ppageno 0'>
   <div class='ocr_carea' id='block_1_1' title="bbox 208 164 844 229">
    <p class='ocr_par' dir='ltr' id='par_1_1' title="bbox 208 164 844 229">
     <span class='ocr_line' id='line_1_1' title="bbox 208 164 844 229; baseline -0.003 0"><span class='ocrx_word' id='word_1_1' title='bbox 208 164 271 229; x_wconf 81' lang='grc'><strong>124</strong></span> <span class='ocrx_word' id='word_1_2' title='bbox 487 180 519 229; x_wconf 83' lang='lat' dir='ltr'><strong>n.</strong></span> <span class='ocrx_word' id='word_1_3' title='bbox 536 178 670 229; x_wconf 75' lang='lat' dir='ltr'><strong>annana</strong></span> <span class='ocrx_word' id='word_1_4' title='bbox 686 178 844 229; x_wconf 77' lang='lat' dir='ltr'><strong>sennenn</strong></span> 
     </span>
    </p>
   </div>
   <div class='ocr_carea' id='block_1_2' title="bbox 168 318 1236 1494">
    <p class='ocr_par' dir='ltr' id='par_1_2' title="bbox 168 318 1236 1494">
     <span class='ocr_line' id='line_1_2' title="bbox 206 318 505 381; baseline -0.007 -1"><span class='ocrx_word' id='word_1_5' title='bbox 206 318 370 381; x_wconf 77' lang='lat' dir='ltr'><strong>recondere</strong></span> <span class='ocrx_word' id='word_1_6' title='bbox 386 319 505 381; x_wconf 78' lang='lat' dir='ltr'><strong>ensem?</strong></span> 
     </span>
     <span class='ocr_line' id='line_1_3' title="bbox 171 401 899 479; baseline -0.01 -12"><span class='ocrx_word' id='word_1_7' title='bbox 171 417 189 467; x_wconf 84' lang='lat' dir='ltr'>b</span> <span class='ocrx_word' id='word_1_8' title='bbox 539 401 676 473; x_wconf 78' lang='lat' dir='ltr'><strong>Qualibet</strong></span> <span class='ocrx_word' id='word_1_9' title='bbox 690 401 787 479; x_wconf 82' lang='lat' dir='ltr'>gaude</span> <span class='ocrx_word' id='word_1_10' title='bbox 802 417 899 461; x_wconf 89' lang='lat' dir='ltr'><strong>mora:</strong></span> 
     </span>
     <span class='ocr_line' id='line_1_4' title="bbox 206 485 953 567; baseline -0.001 -19"><span class='ocrx_word' id='word_1_11' title='bbox 206 487 236 548; x_wconf 96' lang='lat' dir='ltr'><strong>id</strong></span> <span class='ocrx_word' id='word_1_12' title='bbox 252 504 358 565; x_wconf 81' lang='lat' dir='ltr'><strong>gerere</strong></span> <span class='ocrx_word' id='word_1_13' title='bbox 374 485 486 549; x_wconf 89' lang='lat' dir='ltr'><strong>bellum</strong></span> <span class='ocrx_word' id='word_1_14' title='bbox 503 489 609 567; x_wconf 77' lang='lat' dir='ltr'><strong>cupitis</strong></span> <span class='ocrx_word' id='word_1_15' title='bbox 623 489 655 548; x_wconf 90' lang='lat' dir='ltr'><strong>in</strong></span> <span class='ocrx_word' id='word_1_16' title='bbox 670 506 730 567; x_wconf 85' lang='lat' dir='ltr'><strong>quo</strong></span> <span class='ocrx_word' id='word_1_17' title='bbox 746 494 792 547; x_wconf 83' lang='lat' dir='ltr'><strong>est</strong></span> <span class='ocrx_word' id='word_1_18' title='bbox 807 486 953 564; x_wconf 86' lang='lat' dir='ltr'><strong>optimum</strong></span> 
     </span>
     <span class='ocr_line' id='line_1_5' title="bbox 207 570 826 634; baseline -0.002 -2"><span class='ocrx_word' id='word_1_19' title='bbox 207 574 297 633; x_wconf 88' lang='lat' dir='ltr'><strong>uinci.</strong></span> <span class='ocrx_word' id='word_1_20' title='bbox 328 574 479 634; x_wconf 79' lang='lat' dir='ltr'><strong>dereris</strong></span> <span class='ocrx_word' id='word_1_21' title='bbox 494 573 595 633; x_wconf 78' lang='lat' dir='ltr'><strong>fratris</strong></span> <span class='ocrx_word' id='word_1_22' title='bbox 609 572 708 633; x_wconf 73' lang='lat' dir='ltr'><strong>infesti</strong></span> <span class='ocrx_word' id='word_1_23' title='bbox 723 570 826 632; x_wconf 75' lang='lat' dir='ltr'><strong>dolosi</strong></span> 
     </span>
     <span class='ocr_line' id='line_1_6' title="bbox 208 654 919 735; baseline -0.004 -17"><span class='ocrx_word' id='word_1_24' title='bbox 208 658 345 735; x_wconf 87' lang='lat' dir='ltr'><strong>quotiens</strong></span> <span class='ocrx_word' id='word_1_25' title='bbox 360 674 482 717; x_wconf 88' lang='lat' dir='ltr'><strong>necesse</strong></span> <span class='ocrx_word' id='word_1_26' title='bbox 498 665 542 717; x_wconf 78' lang='lat' dir='ltr'><strong>esi</strong></span> <span class='ocrx_word' id='word_1_27' title='bbox 558 657 661 718; x_wconf 89' lang='lat' dir='ltr'><strong>lallere</strong></span> <span class='ocrx_word' id='word_1_28' title='bbox 677 664 727 717; x_wconf 87' lang='lat' dir='ltr'><strong>aul</strong></span> <span class='ocrx_word' id='word_1_29' title='bbox 742 654 802 716; x_wconf 83' lang='lat' dir='ltr'><strong>salli</strong></span> <span class='ocrx_word' id='word_1_30' title='bbox 817 656 919 725; x_wconf 87' lang='lat' dir='ltr'><strong>asnis,</strong></span> 
     </span>
     <span class='ocr_line' id='line_1_7' title="bbox 206 740 844 821; baseline -0.005 -18"><span class='ocrx_word' id='word_1_31' title='bbox 206 742 321 820; x_wconf 84' lang='lat' dir='ltr'><strong>patiare</strong></span> <span class='ocrx_word' id='word_1_32' title='bbox 337 742 434 819; x_wconf 84' lang='lat' dir='ltr'><strong>polius</strong></span> <span class='ocrx_word' id='word_1_33' title='bbox 449 742 512 819; x_wconf 91' lang='lat' dir='ltr'><strong>ipse</strong></span> <span class='ocrx_word' id='word_1_34' title='bbox 528 758 616 821; x_wconf 88' lang='lat' dir='ltr'><strong>quam</strong></span> <span class='ocrx_word' id='word_1_35' title='bbox 632 740 723 802; x_wconf 87' lang='lat' dir='ltr'><strong>iacias</strong></span> <span class='ocrx_word' id='word_1_36' title='bbox 737 740 844 801; x_wconf 83' lang='lat' dir='ltr'><strong>scelus.</strong></span> 
     </span>
     <span class='ocr_line' id='line_1_8' title="bbox 168 824 912 887; baseline -0.003 0"><span class='ocrx_word' id='word_1_37' title='bbox 168 828 194 887; x_wconf 86' lang='lat' dir='ltr'><strong>b&#39;</strong></span> <span class='ocrx_word' id='word_1_38' title='bbox 250 824 308 886; x_wconf 88' lang='lat' dir='ltr'><strong>Sed</strong></span> <span class='ocrx_word' id='word_1_39' title='bbox 325 842 368 886; x_wconf 91' lang='lat' dir='ltr'><strong>ne</strong></span> <span class='ocrx_word' id='word_1_40' title='bbox 384 842 536 887; x_wconf 82' lang='lat' dir='ltr'><strong>uerene:</strong></span> <span class='ocrx_word' id='word_1_41' title='bbox 553 834 647 887; x_wconf 83' lang='lat' dir='ltr'><strong>maier</strong></span> <span class='ocrx_word' id='word_1_42' title='bbox 661 825 784 886; x_wconf 90' lang='lat' dir='ltr'><strong>insidias</strong></span> <span class='ocrx_word' id='word_1_43' title='bbox 799 832 828 885; x_wconf 81' lang='lat' dir='ltr'><strong>el</strong></span> <span class='ocrx_word' id='word_1_44' title='bbox 843 824 912 885; x_wconf 92' lang='lat' dir='ltr'><strong>hinc</strong></span> 
     </span>
     <span class='ocr_line' id='line_1_9' title="bbox 207 908 845 989; baseline 0 -20"><span class='ocrx_word' id='word_1_45' title='bbox 207 916 237 969; x_wconf 78' lang='lat' dir='ltr'><strong>el</strong></span> <span class='ocrx_word' id='word_1_46' title='bbox 252 926 357 969; x_wconf 89' lang='lat' dir='ltr'><strong>rursus</strong></span> <span class='ocrx_word' id='word_1_47' title='bbox 372 908 453 970; x_wconf 92' lang='lat' dir='ltr'><strong>illinc</strong></span> <span class='ocrx_word' id='word_1_48' title='bbox 470 909 577 989; x_wconf 82' lang='lat' dir='ltr'><strong>abiget.</strong></span> <span class='ocrx_word' id='word_1_49' title='bbox 609 928 701 970; x_wconf 84' lang='lat' dir='ltr'><strong>exoro</strong></span> <span class='ocrx_word' id='word_1_50' title='bbox 716 927 753 969; x_wconf 93' lang='lat' dir='ltr'><strong>an</strong></span> <span class='ocrx_word' id='word_1_51' title='bbox 768 911 845 987; x_wconf 80' lang='lat' dir='ltr'><strong>patri</strong></span> 
     </span>
     <span class='ocr_line' id='line_1_10' title="bbox 206 993 1190 1062; baseline 0.002 -11"><span class='ocrx_word' id='word_1_52' title='bbox 206 993 325 1055; x_wconf 88' lang='lat' dir='ltr'><strong>inuideo</strong></span> <span class='ocrx_word' id='word_1_53' title='bbox 342 997 464 1055; x_wconf 75' lang='lat' dir='ltr'><strong>uestro?</strong></span> <span class='ocrx_word' id='word_1_54' title='bbox 486 996 557 1055; x_wconf 88' lang='lat' dir='ltr'><strong>ueni</strong></span> <span class='ocrx_word' id='word_1_55' title='bbox 572 1003 605 1055; x_wconf 84' lang='lat' dir='ltr'><strong>ut</strong></span> <span class='ocrx_word' id='word_1_56' title='bbox 619 1012 754 1055; x_wconf 83' lang='lat' dir='ltr'><strong>arcerem</strong></span> <span class='ocrx_word' id='word_1_57' title='bbox 770 993 853 1054; x_wconf 84' lang='lat' dir='ltr'><strong>nefas</strong></span> <span class='ocrx_word' id='word_1_58' title='bbox 1147 1014 1190 1062; x_wconf 81' lang='lat'><strong>135</strong></span> 
     </span>
     <span class='ocr_line' id='line_1_11' title="bbox 206 1076 988 1157; baseline 0.001 -20"><span class='ocrx_word' id='word_1_59' title='bbox 206 1094 245 1137; x_wconf 91' lang='lat' dir='ltr'><strong>an</strong></span> <span class='ocrx_word' id='word_1_60' title='bbox 262 1079 442 1139; x_wconf 80' lang='lat' dir='ltr'><strong>diuiderem</strong></span> <span class='ocrx_word' id='word_1_61' title='bbox 457 1079 599 1157; x_wconf 79' lang='lat' dir='ltr'><strong>propius?</strong></span> <span class='ocrx_word' id='word_1_62' title='bbox 614 1112 657 1123; x_wconf 86' lang='lat'>-</span> <span class='ocrx_word' id='word_1_63' title='bbox 672 1076 721 1138; x_wconf 89' lang='lat' dir='ltr'><strong>hic</strong></span> <span class='ocrx_word' id='word_1_64' title='bbox 737 1077 850 1139; x_wconf 89' lang='lat' dir='ltr'><strong>lerrum</strong></span> <span class='ocrx_word' id='word_1_65' title='bbox 867 1076 988 1149; x_wconf 78' lang='lat' dir='ltr'><strong>abdidit,</strong></span> 
     </span>
     <span class='ocr_line' id='line_1_12' title="bbox 206 1160 1234 1268; baseline 0.002 -47"><span class='ocrx_word' id='word_1_66' title='bbox 206 1160 327 1223; x_wconf 89' lang='lat' dir='ltr'><strong>reclinis</strong></span> <span class='ocrx_word' id='word_1_67' title='bbox 342 1170 435 1233; x_wconf 78' lang='lat' dir='ltr'><strong>oslac,</strong></span> <span class='ocrx_word' id='word_1_68' title='bbox 452 1180 533 1223; x_wconf 89' lang='lat' dir='ltr'><strong>arma</strong></span> <span class='ocrx_word' id='word_1_69' title='bbox 550 1163 645 1224; x_wconf 87' lang='lat' dir='ltr'><strong>delixa</strong></span> <span class='ocrx_word' id='word_1_70' title='bbox 662 1161 813 1223; x_wconf 80' lang='lat' dir='ltr'><strong>incubant.</strong></span> <span class='ocrx_word' id='word_1_71' title='bbox 1036 1192 1059 1234; x_wconf 60' lang='grc' dir='ltr'><strong>ῃ,</strong></span> <span class='ocrx_word' id='word_1_72' title='bbox 1073 1192 1203 1235; x_wconf 67' lang='lat' dir='ltr'><strong>xxxxeffl</strong></span> <span class='ocrx_word' id='word_1_73' title='bbox 1233 1201 1234 1268; x_wconf 32' lang='grc'><strong>1</strong></span> 
     </span>
     <span class='ocr_line' id='line_1_13' title="bbox 176 1246 1234 1326; baseline -0.004 -16"><span class='ocrx_word' id='word_1_74' title='bbox 176 1260 194 1310; x_wconf 85' lang='lat' dir='ltr'>b</span> <span class='ocrx_word' id='word_1_75' title='bbox 250 1246 293 1306; x_wconf 78' lang='lat' dir='ltr'><strong>hd</strong></span> <span class='ocrx_word' id='word_1_76' title='bbox 309 1254 338 1306; x_wconf 83' lang='lat' dir='ltr'><strong>te</strong></span> <span class='ocrx_word' id='word_1_77' title='bbox 354 1264 458 1326; x_wconf 80' lang='lat' dir='ltr'><strong>preces</strong></span> <span class='ocrx_word' id='word_1_78' title='bbox 473 1264 553 1308; x_wconf 90' lang='lat' dir='ltr'><strong>nunc</strong></span> <span class='ocrx_word' id='word_1_79' title='bbox 569 1256 657 1325; x_wconf 80' lang='lat' dir='ltr'><strong>gnate</strong></span> <span class='ocrx_word' id='word_1_80' title='bbox 672 1254 821 1307; x_wconf 80' lang='lat' dir='ltr'><strong>maternas</strong></span> <span class='ocrx_word' id='word_1_81' title='bbox 835 1246 939 1317; x_wconf 83' lang='lat' dir='ltr'><strong>leram,</strong></span> <span class='ocrx_word' id='word_1_82' title='bbox 1175 1266 1234 1315; x_wconf 51' lang='lat'><strong>500¹</strong></span> 
     </span>
     <span class='ocr_line' id='line_1_14' title="bbox 206 1323 1235 1409; baseline 0.002 -20"><span class='ocrx_word' id='word_1_83' title='bbox 206 1328 257 1391; x_wconf 89' lang='lat' dir='ltr'><strong>sed</strong></span> <span class='ocrx_word' id='word_1_84' title='bbox 273 1338 342 1392; x_wconf 80' lang='lat' dir='ltr'><strong>ante</strong></span> <span class='ocrx_word' id='word_1_85' title='bbox 357 1330 503 1392; x_wconf 79' lang='lat' dir='ltr'><strong>lacrimae.</strong></span> <span class='ocrx_word' id='word_1_86' title='bbox 535 1338 622 1393; x_wconf 85' lang='lat' dir='ltr'><strong>teneo</strong></span> <span class='ocrx_word' id='word_1_87' title='bbox 638 1330 727 1408; x_wconf 81' lang='lat' dir='ltr'><strong>longo</strong></span> <span class='ocrx_word' id='word_1_88' title='bbox 743 1338 879 1409; x_wconf 79' lang='lat' dir='ltr'><strong>tempore</strong></span> <span class='ocrx_word' id='word_1_89' title='bbox 1234 1323 1235 1366; x_wconf 71' lang='lat' dir='ltr'><strong>l</strong></span> 
     </span>
     <span class='ocr_line' id='line_1_15' title="bbox 206 1414 1236 1494; baseline 0.001 -20"><span class='ocrx_word' id='word_1_90' title='bbox 206 1416 298 1491; x_wconf 78' lang='lat' dir='ltr'><strong>petita</strong></span> <span class='ocrx_word' id='word_1_91' title='bbox 315 1416 391 1475; x_wconf 78' lang='lat' dir='ltr'><strong>uotis</strong></span> <span class='ocrx_word' id='word_1_92' title='bbox 407 1434 467 1476; x_wconf 87' lang='lat' dir='ltr'><strong>ora.</strong></span> <span class='ocrx_word' id='word_1_93' title='bbox 499 1423 528 1477; x_wconf 83' lang='lat' dir='ltr'><strong>te</strong></span> <span class='ocrx_word' id='word_1_94' title='bbox 543 1415 703 1494; x_wconf 78' lang='lat' dir='ltr'><strong>profugum</strong></span> <span class='ocrx_word' id='word_1_95' title='bbox 719 1414 783 1475; x_wconf 92' lang='lat' dir='ltr'><strong>solo</strong></span> <span class='ocrx_word' id='word_1_96' title='bbox 1150 1436 1193 1484; x_wconf 80' lang='lat'><strong>140</strong></span> <span class='ocrx_word' id='word_1_97' title='bbox 1235 1445 1236 1460; x_wconf 57' lang='lat'>1</span> 
     </span>
    </p>
   </div>
   <div class='ocr_carea' id='block_1_3' title="bbox 171 1500 1223 2505">
    <p class='ocr_par' dir='ltr' id='par_1_3' title="bbox 171 1500 1223 2505">
     <span class='ocr_line' id='line_1_16' title="bbox 206 1500 800 1578; baseline 0.002 -20"><span class='ocrx_word' id='word_1_98' title='bbox 206 1500 302 1576; x_wconf 79' lang='lat' dir='ltr'><strong>patrio</strong></span> <span class='ocrx_word' id='word_1_99' title='bbox 319 1508 440 1578; x_wconf 84' lang='lat' dir='ltr'><strong>penales</strong></span> <span class='ocrx_word' id='word_1_100' title='bbox 455 1500 534 1576; x_wconf 87' lang='lat' dir='ltr'><strong>regis</strong></span> <span class='ocrx_word' id='word_1_101' title='bbox 549 1501 666 1561; x_wconf 80' lang='lat' dir='ltr'><strong>externi</strong></span> <span class='ocrx_word' id='word_1_102' title='bbox 680 1505 800 1577; x_wconf 79' lang='lat' dir='ltr'><strong>tegrini:</strong></span> 
     </span>
     <span class='ocr_line' id='line_1_17' title="bbox 205 1583 838 1660; baseline 0.003 -18"><span class='ocrx_word' id='word_1_103' title='bbox 205 1590 236 1644; x_wconf 86' lang='lat' dir='ltr'><strong>te</strong></span> <span class='ocrx_word' id='word_1_104' title='bbox 251 1585 345 1645; x_wconf 84' lang='lat' dir='ltr'><strong>man‘a</strong></span> <span class='ocrx_word' id='word_1_105' title='bbox 360 1591 405 1645; x_wconf 79' lang='lat' dir='ltr'><strong>tol</strong></span> <span class='ocrx_word' id='word_1_106' title='bbox 420 1583 553 1654; x_wconf 84' lang='lat' dir='ltr'><strong>diuersa,</strong></span> <span class='ocrx_word' id='word_1_107' title='bbox 569 1590 612 1643; x_wconf 80' lang='lat' dir='ltr'><strong>tol</strong></span> <span class='ocrx_word' id='word_1_108' title='bbox 627 1601 712 1644; x_wconf 88' lang='lat' dir='ltr'><strong>casus</strong></span> <span class='ocrx_word' id='word_1_109' title='bbox 728 1600 838 1660; x_wconf 83' lang='lat' dir='ltr'><strong>uagum</strong></span> 
     </span>
     <span class='ocr_line' id='line_1_18' title="bbox 207 1684 311 1746; baseline 0 -19"><span class='ocrx_word' id='word_1_110' title='bbox 207 1684 311 1746; x_wconf 76' lang='lat' dir='ltr'><strong>egere:</strong></span> 
     </span>
     <span class='ocr_line' id='line_1_19' title="bbox 177 1752 898 1829; baseline -0.001 -16"><span class='ocrx_word' id='word_1_111' title='bbox 177 1768 195 1818; x_wconf 82' lang='lat' dir='ltr'><strong>a</strong></span> <span class='ocrx_word' id='word_1_112' title='bbox 362 1753 428 1814; x_wconf 90' lang='lat' dir='ltr'><strong>Non</strong></span> <span class='ocrx_word' id='word_1_113' title='bbox 443 1761 472 1813; x_wconf 82' lang='lat' dir='ltr'><strong>te</strong></span> <span class='ocrx_word' id='word_1_114' title='bbox 488 1752 570 1814; x_wconf 78' lang='lat' dir='ltr'><strong>duxit</strong></span> <span class='ocrx_word' id='word_1_115' title='bbox 584 1754 613 1812; x_wconf 94' lang='lat' dir='ltr'><strong>in</strong></span> <span class='ocrx_word' id='word_1_116' title='bbox 630 1752 775 1813; x_wconf 74' lang='lat' dir='ltr'><strong>thalamos</strong></span> <span class='ocrx_word' id='word_1_117' title='bbox 789 1769 898 1829; x_wconf 90' lang='lat' dir='ltr'><strong>parens</strong></span> 
     </span>
     <span class='ocr_line' id='line_1_20' title="bbox 209 1837 830 1914; baseline 0.002 -18"><span class='ocrx_word' id='word_1_118' title='bbox 209 1837 345 1896; x_wconf 77' lang='lat' dir='ltr'><strong>comitala</strong></span> <span class='ocrx_word' id='word_1_119' title='bbox 361 1838 474 1914; x_wconf 89' lang='lat' dir='ltr'><strong>primos</strong></span> <span class='ocrx_word' id='word_1_120' title='bbox 489 1855 545 1898; x_wconf 91' lang='lat' dir='ltr'><strong>nec</strong></span> <span class='ocrx_word' id='word_1_121' title='bbox 560 1854 612 1897; x_wconf 91' lang='lat' dir='ltr'><strong>sua</strong></span> <span class='ocrx_word' id='word_1_122' title='bbox 629 1837 720 1897; x_wconf 81' lang='lat' dir='ltr'><strong>festas</strong></span> <span class='ocrx_word' id='word_1_123' title='bbox 741 1852 830 1897; x_wconf 90' lang='lat' dir='ltr'><strong>manu</strong></span> 
     </span>
     <span class='ocr_line' id='line_1_21' title="bbox 207 1919 1195 1991; baseline 0.002 -12"><span class='ocrx_word' id='word_1_124' title='bbox 207 1921 326 1980; x_wconf 90' lang='lat' dir='ltr'><strong>ornauit</strong></span> <span class='ocrx_word' id='word_1_125' title='bbox 342 1919 429 1981; x_wconf 86' lang='lat' dir='ltr'><strong>aedes</strong></span> <span class='ocrx_word' id='word_1_126' title='bbox 444 1938 500 1983; x_wconf 88' lang='lat' dir='ltr'><strong>nec</strong></span> <span class='ocrx_word' id='word_1_127' title='bbox 515 1939 567 1982; x_wconf 86' lang='lat' dir='ltr'><strong>sua</strong></span> <span class='ocrx_word' id='word_1_128' title='bbox 583 1920 676 1982; x_wconf 80' lang='lat' dir='ltr'><strong>laetas</strong></span> <span class='ocrx_word' id='word_1_129' title='bbox 689 1921 770 1982; x_wconf 88' lang='lat' dir='ltr'><strong>laces</strong></span> <span class='ocrx_word' id='word_1_130' title='bbox 1151 1943 1195 1991; x_wconf 83' lang='lat'><strong>145</strong></span> 
     </span>
     <span class='ocr_line' id='line_1_22' title="bbox 207 2006 840 2082; baseline 0 -17"><span class='ocrx_word' id='word_1_131' title='bbox 207 2006 278 2065; x_wconf 82' lang='lat' dir='ltr'><strong>uilla</strong></span> <span class='ocrx_word' id='word_1_132' title='bbox 295 2006 437 2075; x_wconf 82' lang='lat' dir='ltr'><strong>reuinxit,</strong></span> <span class='ocrx_word' id='word_1_133' title='bbox 454 2006 548 2066; x_wconf 92' lang='lat' dir='ltr'><strong>dona</strong></span> <span class='ocrx_word' id='word_1_134' title='bbox 564 2023 625 2065; x_wconf 92' lang='lat' dir='ltr'><strong>non</strong></span> <span class='ocrx_word' id='word_1_135' title='bbox 642 2024 714 2067; x_wconf 91' lang='lat' dir='ltr'><strong>auro</strong></span> <span class='ocrx_word' id='word_1_136' title='bbox 730 2023 840 2082; x_wconf 83' lang='lat' dir='ltr'><strong>graues</strong></span> 
     </span>
     <span class='ocr_line' id='line_1_23' title="bbox 207 2089 851 2165; baseline 0.002 -16"><span class='ocrx_word' id='word_1_137' title='bbox 207 2105 298 2165; x_wconf 79' lang='lat' dir='ltr'><strong>gazas</strong></span> <span class='ocrx_word' id='word_1_138' title='bbox 313 2106 400 2150; x_wconf 90' lang='lat' dir='ltr'><strong>socer</strong></span> <span class='ocrx_word' id='word_1_139' title='bbox 414 2107 473 2150; x_wconf 93' lang='lat' dir='ltr'><strong>non</strong></span> <span class='ocrx_word' id='word_1_140' title='bbox 490 2100 561 2150; x_wconf 87' lang='lat' dir='ltr'><strong>arua</strong></span> <span class='ocrx_word' id='word_1_141' title='bbox 576 2106 637 2149; x_wconf 92' lang='lat' dir='ltr'><strong>non</strong></span> <span class='ocrx_word' id='word_1_142' title='bbox 653 2089 746 2150; x_wconf 86' lang='lat' dir='ltr'><strong>urhes</strong></span> <span class='ocrx_word' id='word_1_143' title='bbox 760 2089 851 2150; x_wconf 86' lang='lat' dir='ltr'><strong>dedit.</strong></span> 
     </span>
     <span class='ocr_line' id='line_1_24' title="bbox 171 2172 1223 2254; baseline 0.002 -21"><span class='ocrx_word' id='word_1_144' title='bbox 171 2176 199 2237; x_wconf 81' lang='lat' dir='ltr'><strong>o&#39;</strong></span> <span class='ocrx_word' id='word_1_145' title='bbox 253 2172 510 2235; x_wconf 78' lang='lat' dir='ltr'><strong>Doialebellum</strong></span> <span class='ocrx_word' id='word_1_146' title='bbox 526 2181 581 2235; x_wconf 84' lang='lat' dir='ltr'><strong>est.</strong></span> <span class='ocrx_word' id='word_1_147' title='bbox 612 2172 742 2239; x_wconf 74' lang='lat' dir='ltr'><strong>hostiurn</strong></span> <span class='ocrx_word' id='word_1_148' title='bbox 758 2192 791 2234; x_wconf 90' lang='lat' dir='ltr'><strong>es</strong></span> <span class='ocrx_word' id='word_1_149' title='bbox 805 2174 902 2237; x_wconf 79' lang='lat' dir='ltr'><strong>lactus</strong></span> <span class='ocrx_word' id='word_1_150' title='bbox 915 2191 1008 2254; x_wconf 82' lang='lat' dir='ltr'><strong>gener</strong></span> <span class='ocrx_word' id='word_1_151' title='bbox 1182 2194 1223 2243; x_wconf 79' lang='lat'><strong>510</strong></span> 
     </span>
     <span class='ocr_line' id='line_1_25' title="bbox 207 2256 766 2338; baseline 0 -21"><span class='ocrx_word' id='word_1_152' title='bbox 207 2258 303 2334; x_wconf 82' lang='lat' dir='ltr'><strong>patria</strong></span> <span class='ocrx_word' id='word_1_153' title='bbox 319 2266 452 2319; x_wconf 82' lang='lat' dir='ltr'><strong>remotus</strong></span> <span class='ocrx_word' id='word_1_154' title='bbox 468 2257 577 2338; x_wconf 89' lang='lat' dir='ltr'><strong>hospes</strong></span> <span class='ocrx_word' id='word_1_155' title='bbox 591 2256 679 2318; x_wconf 90' lang='lat' dir='ltr'><strong>alieni</strong></span> <span class='ocrx_word' id='word_1_156' title='bbox 693 2257 766 2319; x_wconf 89' lang='lat' dir='ltr'><strong>laris</strong></span> 
     </span>
     <span class='ocr_line' id='line_1_26' title="bbox 208 2340 1218 2421; baseline 0.002 -21"><span class='ocrx_word' id='word_1_157' title='bbox 208 2349 329 2401; x_wconf 81' lang='lat' dir='ltr'><strong>externa</strong></span> <span class='ocrx_word' id='word_1_158' title='bbox 345 2350 521 2403; x_wconf 87' lang='lat' dir='ltr'><strong>consecutus</strong></span> <span class='ocrx_word' id='word_1_159' title='bbox 537 2340 676 2421; x_wconf 86' lang='lat' dir='ltr'><strong>expulsus</strong></span> <span class='ocrx_word' id='word_1_160' title='bbox 691 2344 767 2404; x_wconf 84' lang='lat' dir='ltr'><strong>luis·</strong></span> <span class='ocrx_word' id='word_1_161' title='bbox 1149 2356 1218 2415; x_wconf 78' lang='lat'>150¹</span> 
     </span>
     <span class='ocr_line' id='line_1_27' title="bbox 207 2425 839 2505; baseline 0.006 -22"><span class='ocrx_word' id='word_1_162' title='bbox 207 2426 270 2485; x_wconf 87' lang='lat' dir='ltr'><strong>sine</strong></span> <span class='ocrx_word' id='word_1_163' title='bbox 286 2427 408 2487; x_wconf 89' lang='lat' dir='ltr'><strong>crimine</strong></span> <span class='ocrx_word' id='word_1_164' title='bbox 424 2427 501 2488; x_wconf 86' lang='lat' dir='ltr'><strong>exul.</strong></span> <span class='ocrx_word' id='word_1_165' title='bbox 532 2444 570 2487; x_wconf 90' lang='lat' dir='ltr'><strong>ne</strong></span> <span class='ocrx_word' id='word_1_166' title='bbox 587 2426 658 2505; x_wconf 91' lang='lat' dir='ltr'><strong>quid</strong></span> <span class='ocrx_word' id='word_1_167' title='bbox 674 2446 691 2487; x_wconf 88' lang='lat' dir='ltr'><strong>e</strong></span> <span class='ocrx_word' id='word_1_168' title='bbox 706 2427 772 2492; x_wconf 81' lang='lat' dir='ltr'><strong>latis</strong></span> <span class='ocrx_word' id='word_1_169' title='bbox 787 2425 839 2487; x_wconf 82' lang='lat' dir='ltr'><strong>tibi</strong></span> 
     </span>
    </p>
   </div>
   <div class='ocr_carea' id='block_1_4' title="bbox 205 2711 1129 3521">
    <p class='ocr_par' dir='ltr' id='par_1_4' title="bbox 205 2711 1129 3521">
     <span class='ocr_line' id='line_1_28' title="bbox 276 2711 1129 2779; baseline 0.004 -16"><span class='ocrx_word' id='word_1_170' title='bbox 276 2714 324 2765; x_wconf 79' lang='grc'><strong>137</strong></span> <span class='ocrx_word' id='word_1_171' title='bbox 351 2713 465 2765; x_wconf 86' lang='lat' dir='ltr'><strong>reclinis</strong></span> <span class='ocrx_word' id='word_1_172' title='bbox 484 2712 606 2776; x_wconf 82' lang='lat' dir='ltr'><strong>(reclinis</strong></span> <span class='ocrx_word' id='word_1_173' title='bbox 624 2713 659 2779; x_wconf 74' lang='lat' dir='ltr'><strong>R)</strong></span> <span class='ocrx_word' id='word_1_174' title='bbox 683 2714 781 2765; x_wconf 79' lang='lat' dir='ltr'><strong>hastae</strong></span> <span class='ocrx_word' id='word_1_175' title='bbox 800 2718 828 2764; x_wconf 81' lang='lat' dir='ltr'><strong>et</strong></span> <span class='ocrx_word' id='word_1_176' title='bbox 846 2729 924 2764; x_wconf 85' lang='lat' dir='ltr'><strong>arma</strong></span> <span class='ocrx_word' id='word_1_177' title='bbox 941 2711 1031 2763; x_wconf 84' lang='lat' dir='ltr'><strong>delixa</strong></span> <span class='ocrx_word' id='word_1_178' title='bbox 1048 2714 1129 2766; x_wconf 88' lang='lat' dir='ltr'><strong>incn-</strong></span> 
     </span>
     <span class='ocr_line' id='line_1_29' title="bbox 207 2781 1128 2838; baseline 0.004 -8"><span class='ocrx_word' id='word_1_179' title='bbox 207 2781 275 2831; x_wconf 84' lang='lat' dir='ltr'><strong>bant</strong></span> <span class='ocrx_word' id='word_1_180' title='bbox 293 2782 318 2838; x_wconf 85' lang='lat' dir='ltr'><em>A</em></span> <span class='ocrx_word' id='word_1_181' title='bbox 340 2782 453 2832; x_wconf 86' lang='lat' dir='ltr'><strong>reclinis</strong></span> <span class='ocrx_word' id='word_1_182' title='bbox 471 2781 571 2832; x_wconf 76' lang='lat' dir='ltr'><strong>hastae</strong></span> <span class='ocrx_word' id='word_1_183' title='bbox 590 2797 668 2832; x_wconf 85' lang='lat' dir='ltr'><strong>arma</strong></span> <span class='ocrx_word' id='word_1_184' title='bbox 686 2782 712 2833; x_wconf 86' lang='lat' dir='ltr'><strong>d.</strong></span> <span class='ocrx_word' id='word_1_185' title='bbox 730 2785 749 2832; x_wconf 87' lang='lat' dir='ltr'><strong>i.</strong></span> <span class='ocrx_word' id='word_1_186' title='bbox 769 2781 795 2831; x_wconf 93' lang='grc' dir='ltr'><em>Ε</em></span> <span class='ocrx_word' id='word_1_187' title='bbox 817 2782 931 2832; x_wconf 84' lang='lat' dir='ltr'><strong>reclinis</strong></span> <span class='ocrx_word' id='word_1_188' title='bbox 950 2785 1038 2831; x_wconf 81' lang='lat' dir='ltr'><strong>astat</strong></span> <span class='ocrx_word' id='word_1_189' title='bbox 1054 2798 1081 2832; x_wconf 88' lang='lat' dir='ltr'><strong>a.</strong></span> <span class='ocrx_word' id='word_1_190' title='bbox 1100 2782 1128 2834; x_wconf 85' lang='lat' dir='ltr'><strong>d.</strong></span> 
     </span>
     <span class='ocr_line' id='line_1_30' title="bbox 206 2846 1117 2915; baseline 0.003 -19"><span class='ocrx_word' id='word_1_191' title='bbox 206 2849 348 2900; x_wconf 82' lang='lat' dir='ltr'><strong>incubans</strong></span> <span class='ocrx_word' id='word_1_192' title='bbox 370 2852 401 2903; x_wconf 81' lang='lat' dir='ltr'><strong>ei.</strong></span> <span class='ocrx_word' id='word_1_193' title='bbox 420 2848 510 2911; x_wconf 79' lang='lat' dir='ltr'><strong>I.Gr.‚</strong></span> <span class='ocrx_word' id='word_1_194' title='bbox 546 2849 612 2901; x_wconf 87' lang='lat' dir='ltr'><strong>recl.</strong></span> <span class='ocrx_word' id='word_1_195' title='bbox 632 2853 720 2911; x_wconf 83' lang='lat' dir='ltr'><strong>astat,</strong></span> <span class='ocrx_word' id='word_1_196' title='bbox 741 2866 767 2900; x_wconf 91' lang='lat' dir='ltr'><strong>a.</strong></span> <span class='ocrx_word' id='word_1_197' title='bbox 786 2848 811 2898; x_wconf 92' lang='lat' dir='ltr'><strong>d.</strong></span> <span class='ocrx_word' id='word_1_198' title='bbox 830 2850 966 2901; x_wconf 81' lang='lat' dir='ltr'><strong>incubant</strong></span> <span class='ocrx_word' id='word_1_199' title='bbox 985 2850 1083 2913; x_wconf 65' lang='lat' dir='ltr'><strong>scripsi</strong></span> <span class='ocrx_word' id='word_1_200' title='bbox 1103 2846 1117 2915; x_wconf 83' lang='grc' dir='ltr'><strong>ΙΙ</strong></span> 
     </span>
     <span class='ocr_line' id='line_1_31' title="bbox 208 2917 1129 2982; baseline 0.002 -17"><span class='ocrx_word' id='word_1_201' title='bbox 208 2918 256 2967; x_wconf 78' lang='lat'><strong>142</strong></span> <span class='ocrx_word' id='word_1_202' title='bbox 274 2922 303 2966; x_wconf 82' lang='lat' dir='ltr'><strong>te</strong></span> <span class='ocrx_word' id='word_1_203' title='bbox 321 2918 410 2967; x_wconf 88' lang='lat' dir='ltr'><strong>maria</strong></span> <span class='ocrx_word' id='word_1_204' title='bbox 428 2922 471 2967; x_wconf 76' lang='lat' dir='ltr'><strong>tol</strong></span> <span class='ocrx_word' id='word_1_205' title='bbox 487 2921 546 2966; x_wconf 83' lang='lat' dir='ltr'><strong>tam</strong></span> <span class='ocrx_word' id='word_1_206' title='bbox 564 2918 676 2969; x_wconf 85' lang='lat' dir='ltr'><strong>diuersa</strong></span> <span class='ocrx_word' id='word_1_207' title='bbox 688 2918 713 2967; x_wconf 86' lang='lat' dir='ltr'><em>E</em></span> <span class='ocrx_word' id='word_1_208' title='bbox 731 2922 789 2967; x_wconf 78' lang='lat' dir='ltr'><strong>tam</strong></span> <span class='ocrx_word' id='word_1_209' title='bbox 806 2933 853 2967; x_wconf 86' lang='lat' dir='ltr'><strong>om.</strong></span> <span class='ocrx_word' id='word_1_210' title='bbox 867 2919 893 2967; x_wconf 98' lang='lat' dir='ltr'><em>A</em></span> <span class='ocrx_word' id='word_1_211' title='bbox 910 2932 961 2982; x_wconf 82' lang='lat' dir='ltr'><strong>per</strong></span> <span class='ocrx_word' id='word_1_212' title='bbox 977 2917 1067 2967; x_wconf 83' lang='lat' dir='ltr'><strong>maria</strong></span> <span class='ocrx_word' id='word_1_213' title='bbox 1085 2922 1129 2967; x_wconf 82' lang='lat' dir='ltr'><strong>tot</strong></span> 
     </span>
     <span class='ocr_line' id='line_1_32' title="bbox 205 2983 1129 3049; baseline 0.002 -18"><span class='ocrx_word' id='word_1_214' title='bbox 205 2987 263 3034; x_wconf 80' lang='lat' dir='ltr'><strong>tam</strong></span> <span class='ocrx_word' id='word_1_215' title='bbox 281 2986 361 3034; x_wconf 87' lang='lat' dir='ltr'><strong>naria</strong></span> <span class='ocrx_word' id='word_1_216' title='bbox 378 2987 410 3034; x_wconf 77' lang='lat' dir='ltr'><strong>ci.</strong></span> <span class='ocrx_word' id='word_1_217' title='bbox 424 2985 507 3045; x_wconf 73' lang='lat' dir='ltr'><strong>Hir„</strong></span> <span class='ocrx_word' id='word_1_218' title='bbox 531 2989 558 3035; x_wconf 80' lang='lat' dir='ltr'><strong>te</strong></span> <span class='ocrx_word' id='word_1_219' title='bbox 578 3000 684 3036; x_wconf 87' lang='lat' dir='ltr'><strong>amara</strong></span> <span class='ocrx_word' id='word_1_220' title='bbox 701 2987 733 3038; x_wconf 81' lang='lat' dir='ltr'><strong>ei.</strong></span> <span class='ocrx_word' id='word_1_221' title='bbox 746 2983 795 3035; x_wconf 90' lang='lat' dir='ltr'><strong>Bo.</strong></span> <span class='ocrx_word' id='word_1_222' title='bbox 815 2985 879 3049; x_wconf 82' lang='lat' dir='ltr'><strong>fort.</strong></span> <span class='ocrx_word' id='word_1_223' title='bbox 898 2989 927 3035; x_wconf 78' lang='lat' dir='ltr'><strong>ie</strong></span> <span class='ocrx_word' id='word_1_224' title='bbox 945 2984 1066 3036; x_wconf 87' lang='lat' dir='ltr'><strong>damna</strong></span> <span class='ocrx_word' id='word_1_225' title='bbox 1084 2988 1129 3035; x_wconf 76' lang='lat' dir='ltr'><strong>tot</strong></span> 
     </span>
     <span class='ocr_line' id='line_1_33' title="bbox 207 3048 1129 3118; baseline 0.002 -18"><span class='ocrx_word' id='word_1_226' title='bbox 207 3053 264 3101; x_wconf 79' lang='lat' dir='ltr'><strong>tam</strong></span> <span class='ocrx_word' id='word_1_227' title='bbox 281 3052 381 3102; x_wconf 89' lang='lat' dir='ltr'><strong>naria</strong></span> <span class='ocrx_word' id='word_1_228' title='bbox 404 3048 418 3118; x_wconf 79' lang='lat' dir='ltr'><strong>ll</strong></span> <span class='ocrx_word' id='word_1_229' title='bbox 441 3051 580 3104; x_wconf 70' lang='lat' dir='ltr'><strong>maistas</strong></span> <span class='ocrx_word' id='word_1_230' title='bbox 598 3060 621 3118; x_wconf 80' lang='grc' dir='ltr'><strong>ψ</strong></span> <span class='ocrx_word' id='word_1_231' title='bbox 640 3054 716 3104; x_wconf 79' lang='lat' dir='ltr'><strong>festa</strong></span> <span class='ocrx_word' id='word_1_232' title='bbox 734 3052 760 3102; x_wconf 89' lang='grc' dir='ltr'><em>Ε</em></span> <span class='ocrx_word' id='word_1_233' title='bbox 781 3052 870 3103; x_wconf 81' lang='lat' dir='ltr'><strong>festas</strong></span> <span class='ocrx_word' id='word_1_234' title='bbox 882 3054 908 3102; x_wconf 96' lang='lat' dir='ltr'><em>A</em></span> <span class='ocrx_word' id='word_1_235' title='bbox 930 3048 943 3117; x_wconf 79' lang='lat' dir='ltr'><strong>l]</strong></span> <span class='ocrx_word' id='word_1_236' title='bbox 967 3054 1018 3103; x_wconf 75' lang='lat'><strong>145</strong></span> <span class='ocrx_word' id='word_1_237' title='bbox 1034 3051 1129 3102; x_wconf 80' lang='lat' dir='ltr'><strong>laetas</strong></span> 
     </span>
     <span class='ocr_line' id='line_1_34' title="bbox 205 3116 1125 3186; baseline 0.007 -19"><span class='ocrx_word' id='word_1_238' title='bbox 205 3118 285 3169; x_wconf 80' lang='lat' dir='ltr'><strong>faces</strong></span> <span class='ocrx_word' id='word_1_239' title='bbox 302 3117 340 3167; x_wconf 71' lang='grc' dir='ltr'><strong>Ε2</strong></span> <span class='ocrx_word' id='word_1_240' title='bbox 357 3124 454 3169; x_wconf 74' lang='lat' dir='ltr'><strong>laras.</strong></span> <span class='ocrx_word' id='word_1_241' title='bbox 484 3116 497 3186; x_wconf 87' lang='grc' dir='ltr'><strong>ΙΙ</strong></span> <span class='ocrx_word' id='word_1_242' title='bbox 526 3122 575 3170; x_wconf 85' lang='grc'><strong>146</strong></span> <span class='ocrx_word' id='word_1_243' title='bbox 594 3136 661 3171; x_wconf 89' lang='lat' dir='ltr'><strong>auro</strong></span> <span class='ocrx_word' id='word_1_244' title='bbox 681 3126 710 3171; x_wconf 82' lang='lat' dir='ltr'><strong>el</strong></span> <span class='ocrx_word' id='word_1_245' title='bbox 728 3135 828 3185; x_wconf 83' lang='lat' dir='ltr'><strong>graues</strong></span> <span class='ocrx_word' id='word_1_246' title='bbox 847 3120 873 3171; x_wconf 92' lang='lat' dir='ltr'><em>A</em></span> <span class='ocrx_word' id='word_1_247' title='bbox 901 3135 968 3179; x_wconf 80' lang='lat' dir='ltr'><strong>auro</strong></span> <span class='ocrx_word' id='word_1_248' title='bbox 987 3120 1013 3168; x_wconf 94' lang='grc' dir='ltr'><em>Ε</em></span> <span class='ocrx_word' id='word_1_249' title='bbox 1031 3124 1125 3173; x_wconf 71' lang='lat' dir='ltr'><strong>elom,</strong></span> 
     </span>
     <span class='ocr_line' id='line_1_35' title="bbox 206 3183 1127 3254; baseline 0.002 -20"><span class='ocrx_word' id='word_1_250' title='bbox 206 3184 347 3237; x_wconf 73' lang='lat' dir='ltr'><strong>nt.1.cr.</strong></span> <span class='ocrx_word' id='word_1_251' title='bbox 361 3187 513 3252; x_wconf 68' lang='lat' dir='ltr'><strong>etNHmd</strong></span> <span class='ocrx_word' id='word_1_252' title='bbox 541 3184 553 3253; x_wconf 87' lang='grc' dir='ltr'><strong>ΙΙ</strong></span> <span class='ocrx_word' id='word_1_253' title='bbox 583 3190 631 3238; x_wconf 80' lang='grc'><strong>147</strong></span> <span class='ocrx_word' id='word_1_254' title='bbox 651 3189 748 3254; x_wconf 80' lang='lat' dir='ltr'><strong>galeas</strong></span> <span class='ocrx_word' id='word_1_255' title='bbox 767 3188 791 3237; x_wconf 93' lang='grc' dir='ltr'><em>Ε</em></span> <span class='ocrx_word' id='word_1_256' title='bbox 813 3202 899 3253; x_wconf 79' lang='lat' dir='ltr'><strong>gazas</strong></span> <span class='ocrx_word' id='word_1_257' title='bbox 918 3189 942 3238; x_wconf 88' lang='lat' dir='ltr'><em>A</em></span> <span class='ocrx_word' id='word_1_258' title='bbox 971 3183 985 3253; x_wconf 81' lang='lat' dir='ltr'><strong>[l</strong></span> <span class='ocrx_word' id='word_1_259' title='bbox 1013 3203 1083 3237; x_wconf 83' lang='lat' dir='ltr'><strong>arna</strong></span> <span class='ocrx_word' id='word_1_260' title='bbox 1100 3188 1127 3237; x_wconf 90' lang='lat' dir='ltr'><em>A</em></span> 
     </span>
     <span class='ocr_line' id='line_1_36' title="bbox 206 3250 1128 3321; baseline -0.002 -16"><span class='ocrx_word' id='word_1_261' title='bbox 206 3270 284 3305; x_wconf 82' lang='lat' dir='ltr'><strong>erma</strong></span> <span class='ocrx_word' id='word_1_262' title='bbox 301 3253 351 3320; x_wconf 84' lang='grc' dir='ltr'><strong>Εψ</strong></span> <span class='ocrx_word' id='word_1_263' title='bbox 375 3250 387 3318; x_wconf 93' lang='grc' dir='ltr'><strong>ΙΙ</strong></span> <span class='ocrx_word' id='word_1_264' title='bbox 409 3255 492 3306; x_wconf 87' lang='lat' dir='ltr'><strong>urbes</strong></span> <span class='ocrx_word' id='word_1_265' title='bbox 510 3273 532 3307; x_wconf 87' lang='grc' dir='ltr'><strong><em>ω</em></strong></span> <span class='ocrx_word' id='word_1_266' title='bbox 554 3256 638 3307; x_wconf 88' lang='lat' dir='ltr'><strong>orbes</strong></span> <span class='ocrx_word' id='word_1_267' title='bbox 656 3259 688 3306; x_wconf 80' lang='lat' dir='ltr'><strong>ei.</strong></span> <span class='ocrx_word' id='word_1_268' title='bbox 707 3256 772 3311; x_wconf 66' lang='grc' dir='ltr'><strong>ΕΡ.</strong></span> <span class='ocrx_word' id='word_1_269' title='bbox 796 3252 808 3321; x_wconf 80' lang='grc' dir='ltr'><strong>ΙΙ</strong></span> <span class='ocrx_word' id='word_1_270' title='bbox 833 3257 881 3305; x_wconf 84' lang='grc'><strong>148</strong></span> <span class='ocrx_word' id='word_1_271' title='bbox 899 3255 1021 3306; x_wconf 80' lang='lat' dir='ltr'><strong>hostium</strong></span> <span class='ocrx_word' id='word_1_272' title='bbox 1038 3260 1083 3305; x_wconf 82' lang='lat' dir='ltr'><strong>esi</strong></span> <span class='ocrx_word' id='word_1_273' title='bbox 1100 3254 1128 3303; x_wconf 92' lang='grc' dir='ltr'><em>Ε</em></span> 
     </span>
     <span class='ocr_line' id='line_1_37' title="bbox 206 3318 1129 3388; baseline 0 -15"><span class='ocrx_word' id='word_1_274' title='bbox 206 3323 233 3377; x_wconf 90' lang='lat' dir='ltr'><strong>h.</strong></span> <span class='ocrx_word' id='word_1_275' title='bbox 247 3336 277 3373; x_wconf 84' lang='lat' dir='ltr'><strong>es</strong></span> <span class='ocrx_word' id='word_1_276' title='bbox 294 3323 330 3373; x_wconf 86' lang='lat' dir='ltr'><strong>A.</strong></span> <span class='ocrx_word' id='word_1_277' title='bbox 366 3322 446 3373; x_wconf 81' lang='lat' dir='ltr'><strong>uerba</strong></span> <span class='ocrx_word' id='word_1_278' title='bbox 463 3323 556 3373; x_wconf 83' lang='lat' dir='ltr'><strong>dotale</strong></span> <span class='ocrx_word' id='word_1_279' title='bbox 574 3350 607 3359; x_wconf 88' lang='lat'>—</span> <span class='ocrx_word' id='word_1_280' title='bbox 625 3327 670 3373; x_wconf 78' lang='lat' dir='ltr'><strong>esi</strong></span> <span class='ocrx_word' id='word_1_281' title='bbox 686 3323 802 3373; x_wconf 79' lang='lat' dir='ltr'><strong>Eteoclis</strong></span> <span class='ocrx_word' id='word_1_282' title='bbox 819 3339 875 3373; x_wconf 82' lang='lat' dir='ltr'><strong>esse</strong></span> <span class='ocrx_word' id='word_1_283' title='bbox 884 3329 961 3387; x_wconf 79' lang='lat' dir='ltr'><strong>potat</strong></span> <span class='ocrx_word' id='word_1_284' title='bbox 972 3322 1101 3373; x_wconf 75' lang='lat' dir='ltr'><strong>Swooona</strong></span> <span class='ocrx_word' id='word_1_285' title='bbox 1117 3318 1129 3388; x_wconf 86' lang='grc' dir='ltr'><strong>ΙΙ</strong></span> 
     </span>
     <span class='ocr_line' id='line_1_38' title="bbox 207 3387 1125 3456; baseline 0.001 -17"><span class='ocrx_word' id='word_1_286' title='bbox 207 3392 256 3441; x_wconf 80' lang='lat'><strong>150</strong></span> <span class='ocrx_word' id='word_1_287' title='bbox 274 3390 343 3441; x_wconf 84' lang='lat' dir='ltr'><strong>meis</strong></span> <span class='ocrx_word' id='word_1_288' title='bbox 361 3394 392 3441; x_wconf 83' lang='lat' dir='ltr'><strong>cl.</strong></span> <span class='ocrx_word' id='word_1_289' title='bbox 411 3389 504 3449; x_wconf 74' lang='lat' dir='ltr'><strong>Saoch,</strong></span> <span class='ocrx_word' id='word_1_290' title='bbox 523 3391 566 3455; x_wconf 86' lang='lat' dir='ltr'><strong>qui</strong></span> <span class='ocrx_word' id='word_1_291' title='bbox 582 3391 606 3441; x_wconf 81' lang='lat' dir='ltr'><strong>h.</strong></span> <span class='ocrx_word' id='word_1_292' title='bbox 625 3408 650 3439; x_wconf 84' lang='lat' dir='ltr'><strong>u.</strong></span> <span class='ocrx_word' id='word_1_293' title='bbox 670 3398 695 3441; x_wconf 86' lang='lat' dir='ltr'><strong>el</strong></span> <span class='ocrx_word' id='word_1_294' title='bbox 714 3392 773 3440; x_wconf 79' lang='lat'>151·</span> <span class='ocrx_word' id='word_1_295' title='bbox 791 3391 903 3441; x_wconf 81' lang='lat' dir='ltr'><strong>Polinicl</strong></span> <span class='ocrx_word' id='word_1_296' title='bbox 918 3393 1040 3456; x_wconf 62' lang='lat' dir='ltr'><strong>adolanae</strong></span> <span class='ocrx_word' id='word_1_297' title='bbox 1051 3387 1064 3456; x_wconf 83' lang='grc' dir='ltr'><strong>ΙΙ</strong></span> <span class='ocrx_word' id='word_1_298' title='bbox 1077 3392 1125 3441; x_wconf 78' lang='grc'><strong>161</strong></span> 
     </span>
     <span class='ocr_line' id='line_1_39' title="bbox 206 3452 634 3521; baseline -0.002 -16"><span class='ocrx_word' id='word_1_299' title='bbox 206 3456 310 3521; x_wconf 86' lang='lat' dir='ltr'><strong>nequid</strong></span> <span class='ocrx_word' id='word_1_300' title='bbox 329 3474 344 3509; x_wconf 88' lang='lat' dir='ltr'><strong>e</strong></span> <span class='ocrx_word' id='word_1_301' title='bbox 362 3460 388 3509; x_wconf 87' lang='lat' dir='ltr'><em>A</em></span> <span class='ocrx_word' id='word_1_302' title='bbox 409 3457 507 3521; x_wconf 82' lang='lat' dir='ltr'><strong>nequit</strong></span> <span class='ocrx_word' id='word_1_303' title='bbox 524 3455 558 3506; x_wconf 89' lang='lat' dir='ltr'><strong>de</strong></span> <span class='ocrx_word' id='word_1_304' title='bbox 574 3455 600 3504; x_wconf 92' lang='grc' dir='ltr'><em>Ε</em></span> <span class='ocrx_word' id='word_1_305' title='bbox 622 3452 634 3521; x_wconf 77' lang='grc' dir='ltr'><strong>ΙΙ</strong></span> 
     </span>
    </p>
   </div>
   <div class='ocr_carea' id='block_1_5' title="bbox 0 0 1280 3917">
    <p class='ocr_par' dir='ltr' id='par_1_5' title="bbox 0 0 1280 3917">
     <span class='ocr_line' id='line_1_40' title="bbox 0 0 1280 3917; baseline 0 0"><span class='ocrx_word' id='word_1_306' title='bbox 0 0 1280 3917; x_wconf 95' lang='lat' dir='ltr'><strong> </strong></span> 
     </span>
    </p>
   </div>
  </div>
 </body>
</html>
