2550 3917
501 227 700 276 Aonnpnno

291 385 363 428 aurs
378 367 497 445 stringit
511 365 596 428 litora
612 374 675 428 tuto

293 452 518 530 timidusque
533 452 608 511 meri
623 452 746 512 eredere
762 452 900 514 cumbam

293 555 375 598 remo
391 545 486 598 terras
502 537 643 615 propiore
656 535 736 614 legit.

382 802 645 852 cnYnnunsTRA.
668 804 811 851 nvnnlx.

180 960 256 1031 Quid
273 961 372 1037 segnis
387 960 484 1020 anime
500 967 560 1020 tnta
577 959 699 1019 consilia
716 962 847 1037 expetis?

138 1045 206 1124 quid
221 1045 392 1105 fluctuaris?
416 1042 514 1104 clausa
531 1044 590 1104 inm
606 1043 711 1104 melior
727 1046 774 1105 uia
791 1055 844 1106 est.

137 1129 218 1190 licuit
233 1128 358 1206 pudicos
374 1129 508 1206 coniugis
523 1127 672 1205 quondam
689 1137 773 1190 toros

138 1222 167 1275 et
181 1221 300 1292 sceptra
316 1219 394 1273 casta
410 1213 499 1274 uidua
514 1214 605 1274 tutari
620 1213 688 1274 fide.

137 1301 255 1378 periere
272 1316 370 1358 mores
386 1299 431 1358 ins
445 1296 536 1359 decus
550 1299 644 1376 pietas
659 1298 734 1359 tides

137 1385 231 1462 etqui
247 1383 361 1450 redire,
378 1400 445 1443 cum
461 1384 553 1459 perit,
570 1383 668 1442 nescit
682 1382 789 1461 pudor.

137 1469 171 1528 da
187 1468 271 1528 frena
290 1475 319 1528 et
334 1484 454 1528 omnem
467 1483 562 1546 prona
578 1467 738 1544 nequitiam
752 1468 857 1530 incita:

136 1571 190 1632 per
205 1551 319 1613 scelera
335 1567 453 1629 semper
469 1549 631 1612 sceleribus
646 1558 741 1611 tutum
758 1561 802 1612 est
817 1555 881 1615 iter.

178 1639 290 1700 Tecum
306 1638 368 1715 ipsa
384 1653 463 1696 nuno
479 1635 586 1696 euolne
601 1635 746 1711 femineos
759 1636 861 1709 dolos,

136 1722 214 1801 qnod
230 1720 290 1784 nlla
306 1722 433 1782 conium
449 1720 560 1797 perfida
576 1728 667 1800 atque
681 1722 768 1798 inpos
782 1724 829 1783 sui

136 1825 238 1868 amore
254 1823 358 1874 cneco,
376 1805 455 1883 quod
470 1804 647 1866 noneroaies
662 1823 767 1866 manus

136 1909 239 1960 ausae,
256 1890 336 1970 quod
352 1890 460 1950 ardens
475 1890 555 1966 inpio
572 1891 658 1967 uirgo
675 1890 738 1950 iace

135 1975 273 2053 phasiaco
289 1975 406 2052 fugiens
421 1990 513 2049 regna
529 1973 684 2034 thessalica
701 1973 800 2036 trabe:

138 2061 250 2121 serrum
267 2077 392 2120 ueneno.
422 2055 471 2119 uel
487 2075 662 2136 mycenoess
678 2058 782 2120 domos

136 2146 292 2206 coniuncta
307 2144 389 2204 socio
404 2143 529 2221 profuge
545 2141 654 2204 furtiua
670 2152 745 2204 rate,

135 2229 204 2308 quid
220 2228 322 2288 timida
336 2227 469 2308 loqueris
485 2227 562 2287 furta
579 2235 608 2288 ot
622 2227 741 2289 exilium
758 2239 788 2290 et
802 2231 906 2308 ingasi

135 2332 220 2376 soror
235 2314 292 2374 ista
307 2312 385 2374 iecit„
417 2321 445 2372 te
459 2311 548 2373 decet
561 2314 658 2373 maius
673 2312 765 2375 nefas.

177 2410 281 2458 nvnn.
306 2396 418 2474 Regina
435 2397 566 2458 Danaum
582 2405 612 2457 et
629 2396 761 2460 inolitum
777 2400 875 2461 Ledae
889 2418 985 2478 genus

136 2483 204 2562 quid
220 2483 309 2542 tacita
326 2499 429 2543 uersas
444 2479 554 2561 quidue
570 2481 684 2542 consilii
698 2483 837 2562 inpotens

135 2566 247 2628 tumido
263 2567 379 2627 seroces
394 2568 520 2644 impetus
536 2567 634 2626 animo
649 2568 750 2642 geris?

134 2651 202 2712 licet
216 2653 279 2731 ipsa
295 2649 398 2720 sileas,
415 2657 493 2711 totos
509 2652 538 2710 in
554 2649 637 2712 nunu
654 2658 700 2712 est
714 2651 808 2712 dolor.

135 2738 219 2815 proin
236 2735 377 2815 quiequid
395 2742 454 2804 est,
470 2734 506 2795 da
522 2743 639 2812 tempus
654 2754 689 2796 ao
705 2738 832 2815 spatium
847 2737 909 2798 tibi.

135 2820 213 2899 qnod
230 2822 305 2881 ratio
321 2837 379 2880 non
396 2821 475 2899 quit,
492 2836 580 2898 saepe
596 2821 711 2881 sanauit
726 2839 819 2883 mora.

134 3000 336 3007 ..-..—-—-—-.

200 3107 403 3172 Clytemestra
420 3107 510 3172 ntique
527 3106 601 3157 EBG
611 3103 624 3172 Ι]
642 3109 690 3157 109
708 3105 813 3171 anime]
832 3124 847 3158 e
865 3109 892 3157 in
909 3123 961 3158 rao.
981 3106 1019 3158 Ει
1037 3109 1052 3172 ΙΙ

134 3178 181 3226 112
199 3175 285 3226 uidua
304 3189 319 3227 ε
336 3176 531 3240 Repiomontani
547 3175 612 3226 liber
634 3176 729 3225 iuncte
747 3176 772 3224 Α
801 3172 814 3240 ΙΙ
844 3178 889 3225 121
908 3176 947 3224 th.
965 3189 1052 3240 grane

133 3241 241 3310 1211122
254 3245 415 3294 missenens
427 3242 521 3293 domos
532 3242 558 3291 Ε
576 3243 730 3292 miceneom
742 3241 849 3292 domum
864 3243 1053 3308 GMycenoen

133 3311 209 3364 dono
230 3313 255 3362 Α
273 3307 485 3376 peristomii
503 3311 552 3360 itt
570 3309 652 3360 Soror
669 3309 695 3358 Ε
709 3309 891 3362 oenomaus
908 3310 973 3361 Sors
991 3312 1017 3361 Α
1038 3310 1051 3374 ΙΙ

133 3382 182 3430 126
199 3385 293 3430 stom.
313 3391 327 3430 ε
349 3375 362 3444 ΙΙ
386 3381 433 3430 127
452 3378 569 3429 oonsilio
586 3378 612 3428 E
634 3374 647 3442 ΙΙ
671 3379 720 3429 130
741 3377 861 3428 Proinde
882 3377 1012 3443 quicquid
1030 3395 1053 3428 ω

132 3447 214 3499 Proin
237 3447 304 3512 quid
329 3463 347 3497 α
376 3446 461 3498 Proin
478 3445 609 3512 quioquid
627 3447 734 3511 Lipsius
762 3442 775 3512 ΙΙ
804 3448 852 3498 131
875 3462 930 3498 non
948 3447 1009 3511 quit
1026 3445 1052 3494 lo

133 3517 227 3581 nequit
244 3525 268 3580 ψ
287 3515 409 3579 nequiit
427 3530 446 3564 α
468 3511 481 3580 ΙΙ

779 3595 849 3658 21*
