2550 3917
557 176 720 226 rucanas
797 250 800 256 Ι
1027 165 1092 230 231

138 325 158 373 d
223 316 284 376 Vidi
300 316 498 376 execrandum
513 316 612 392 regiae
628 315 727 376 caedis
743 316 824 389 neias

176 398 343 479 ipsudque]
360 401 397 460 ad
413 419 481 461 aras
498 400 610 479 [mutus
625 403 789 461 admissum
803 404 900 461 scelus
1109 414 1144 461 45

175 487 286 546 Aeaeis
301 482 409 564 armis]
427 502 494 544 cum
508 484 592 544 ieron
609 503 716 545 scaeua
733 503 818 545 manu

175 588 262 630 coma
278 569 434 629 reflectens
449 570 563 646 regium
579 578 658 629 torta
673 577 761 646 caput

176 653 237 715 alto
252 653 412 714 nefandum
428 651 545 714 uulneri
561 653 674 714 serrum
690 652 818 721 abdidit,
908 720 912 725 ,

174 738 256 818 quod
272 740 389 817 penitus
405 745 502 798 actum
518 756 585 798 curn
601 738 762 814 recepisset
778 737 887 807 iibens,

176 824 256 884 ensis
271 821 356 883 senili
371 824 467 882 siccus
482 842 498 883 e
514 820 614 899 iugulo
629 822 715 881 redit.

138 906 166 963 d'
220 906 341 967 Piacare
358 924 445 985 quem
461 924 520 966 non
536 906 660 985 potuita
678 906 768 967 caede
784 906 873 967 effera

177 990 308 1051 mortalis
324 993 390 1051 aeui
405 991 555 1051 cardinem
572 999 737 1052 extremum
753 1008 892 1068 premens

176 1078 337 1153 superique
352 1083 443 1135 testes
458 1073 579 1135 sceleris
595 1084 623 1135 et
639 1074 786 1151 quoddam
803 1094 920 1137 sacrum

176 1161 263 1236 regni
278 1159 416 1220 iacentis?
440 1157 487 1219 iile
503 1165 546 1219 tot
561 1176 666 1235 regum
683 1177 790 1237 pareus

177 1252 259 1304 caret
274 1243 433 1324 sepulchro
449 1243 583 1304 Priamus
600 1250 628 1303 et
644 1243 762 1303 flamma
779 1243 889 1320 indiget

177 1328 299 1389 ardente
315 1328 412 1388 Troia.
444 1345 502 1387 non
518 1337 617 1389 tamen
633 1329 750 1405 superIs
764 1335 810 1387 sat
825 1338 884 1389 est:

138 1411 176 1469 ‹t“
220 1413 377 1473 Dominum
394 1430 463 1472 ecce
479 1412 588 1473 Priami
605 1412 730 1472 nuribus
745 1419 775 1473 ct
789 1414 886 1487 gnatis
900 1411 1002 1491 legens

177 1497 299 1556 sortitur
315 1514 400 1557 urna.
430 1496 540 1574 praeda
556 1515 644 1575 quem
662 1497 728 1557 uilis
742 1497 869 1575 sequar?

176 1580 226 1640 hic
241 1581 376 1641 Hectoris
392 1581 527 1656 coniugia
544 1580 708 1660 despondet
722 1581 792 1650 sibi,

177 1664 227 1725 hic
242 1672 322 1744 optat
336 1664 440 1725 Ileieni
456 1667 610 1752 coniugem
627 1665 676 1724 liic
692 1668 850 1725 Antenoris

177 1767 234 1811 nec
249 1750 314 1809 dest
328 1756 395 1809 tuos
411 1748 573 1810 Cassandra
591 1752 641 1827 qui
657 1748 801 1809 thalamos
816 1757 909 1829 petam

178 1852 244 1894 mea
260 1852 325 1895 sors
339 1834 474 1901 timetur,
492 1832 554 1893 sola
569 1851 633 1895 sum
650 1833 757 1894 Danais
773 1843 877 1895 metus.

141 1943 158 1976 o
222 1918 361 1979 Lamenta
378 1919 512 1979 cessanti
535 1918 621 1979 turha
638 1920 772 1995 captIuae
788 1937 854 1979 mea

179 2003 263 2064 ierite
279 2002 383 2080 palmis
399 2012 518 2081 pectora
534 2012 564 2062 et
579 2001 715 2081 planctus
730 2004 797 2063 date

180 2095 208 2147 et
222 2090 298 2147 iusta
314 2087 421 2146 Troiae
438 2087 532 2147 facite.
565 2086 735 2148 iamdudum
751 2095 836 2148 sonet

180 2171 273 2232 fatalis
288 2171 338 2232 lde
353 2171 457 2231 iudicis
472 2166 529 2231 dud
545 2172 659 2231 domus,

245 2442 279 2489 46
301 2443 334 2492 46
362 2442 444 2491 deieci
466 2454 518 2503 que
548 2437 560 2506 Η
593 2440 683 2488 maius
707 2436 856 2490 admissum
880 2441 971 2491 scelus
993 2442 1095 2492 Aeaeis

180 2509 262 2559 armis
281 2511 364 2559 delent·
380 2508 480 2558 Aeaeis
497 2508 523 2556 E
552 2507 693 2556 Aeacidae
712 2509 737 2556 A
767 2509 911 2558 Aeacidis
930 2508 1048 2574 Scaliger
1069 2516 1096 2559 et

183 2578 289 2627 Vossius
307 2577 408 2625 Aiacis
429 2577 505 2625 Gron.
518 2572 573 2640 1146
592 2590 679 2623 scena
697 2575 722 2622 E
740 2590 826 2623 saeua
846 2576 869 2624 A
888 2576 971 2626 laeua
990 2577 1095 2627 Henne-

179 2645 271 2709 berper
289 2646 323 2707 cs.
336 2645 443 2693 Phaleri..
456 2645 504 2692 708
527 2639 539 2708 il
561 2643 593 2691 48
613 2641 754 2705 addidiip
778 2638 789 2707 ΙΙ
813 2645 846 2692 50
864 2646 956 2693 siccus
975 2644 1093 2710 ERmp.

178 2714 282 2761 tiuotus
300 2713 325 2761 A
355 2708 367 2777 Η
395 2714 427 2761 53
446 2709 582 2773 quoddam
600 2709 650 2771 Eu
680 2709 769 2772 quoda
786 2711 847 2758 1110
877 2712 1012 2774 quondam
1034 2713 1058 2761 A
1080 2713 1093 2776 ΙΙ

179 2782 211 2830 66
224 2780 331 2843 superis
344 2778 442 2842 nimo
461 2779 554 2841 superi
566 2778 589 2826 A
603 2773 659 2842 1163
673 2782 784 2826 cessent
795 2785 818 2840 ψ
831 2773 842 2842 ΙΙ
854 2780 887 2827 64
899 2779 937 2827 IN
949 2778 1093 2829 NOMINE

179 2864 243 2914 DNI
255 2862 395 2913 INCIPIT
408 2861 633 2912 EXCERPTVM
647 2862 687 2910 DI
700 2860 912 2911 TRAGOEDIA
924 2861 1095 2913 TROADOS

178 2965 292 3015 ANNEI
311 2963 460 3029 SENIOQ·
471 2962 620 3012 HECVBA
633 2962 779 3013 CHORVS
796 2948 946 3015 TROADii
958 2965 1037 3013 Haec
1054 2964 1096 3014 fe-

180 3033 230 3083 rite
249 3040 297 3083 etc.
320 3031 381 3081 Thu.
406 3027 417 3096 ΙΙ
440 3032 472 3081 66
485 3032 551 3082 Idae
571 3030 611 3080 Αε
629 3030 678 3080 Ide
700 3030 905 3093 Toupaenoi
928 3033 1033 3082 Vossius
1055 3028 1067 3094 ΙΙ
