2550 3917
173 165 235 232 162
454 181 485 227 u.
503 179 638 228 sunum
654 179 811 228 sennenn

257 328 287 381 et
301 337 397 398 nuper
414 319 517 379 rubuit
535 317 677 396 nullaque
692 318 797 378 lucidis

257 404 353 466 nubes
368 403 516 465 sordidior
533 403 663 463 uultibus
679 403 798 466 obstitit.
861 456 863 462 .

138 581 167 652 γ’
301 575 337 634 lt
352 591 407 633 nos
422 569 539 632 solliciti
555 574 675 633 numine
690 571 809 633 turbido

257 666 381 718 tractam
397 656 562 718 thessalicis
577 657 758 718 carminibus
773 658 830 718 rati

200 819 210 824 -
257 743 379 803 tinnitus
395 742 544 802 dedimus:
569 750 598 801 tu
616 743 716 802 fueras
731 739 816 802 labor

258 834 339 894 ettu
355 844 442 886 causa
459 843 578 892 morae.
601 835 630 886 te
646 825 700 886 dea
717 827 848 886 noctium

258 912 329 973 dum
345 919 460 989 spectat
474 910 587 972 celeres
602 911 740 972 sustinuit
754 912 826 972 uias.

301 1163 395 1235 Quam
411 1173 492 1242 grata
509 1173 553 1225 est
567 1164 657 1225 iacies
673 1171 758 1224 torua
775 1162 913 1236 uiriliter,

175 1283 188 1308 .
257 1256 287 1309 et
300 1249 417 1328 pondus
432 1249 541 1309 ueteris
556 1251 640 1308 triste
655 1247 794 1328 supercili

255 1510 364 1562 uexent
379 1502 455 1561 hanc
470 1502 574 1561 faeiem
590 1501 700 1579 frigora
716 1502 849 1580 parcius,

255 1586 329 1647 haec
344 1585 436 1646 solern
453 1584 542 1646 iacies
556 1588 654 1645 rarius
669 1593 801 1664 appetat:

255 1669 368 1731 lucebit
382 1671 465 1748 pario
481 1688 631 1730 marmore
646 1670 764 1730 clarius.

257 1754 378 1816 Phoebo
393 1752 468 1814 colla
482 1754 551 1815 licet
566 1753 718 1832 splendida
734 1771 887 1831 conpares.

297 1922 383 1984 lllum
399 1924 545 1984 caesaries
560 1922 659 1983 nescia
676 1921 785 2000 conligi

254 2007 436 2086 perluudens
452 2025 571 2068 umeros
588 2014 674 2067 ornat
689 2014 719 2067 et
733 2007 853 2084 integit,

255 2100 285 2153 te
300 2093 385 2152 lrnns
401 2092 477 2152 hirta
494 2092 579 2152 decet
594 2099 624 2152 te
640 2091 762 2151 breuior
778 2109 862 2151 cuma

254 2175 336 2238 nulla
352 2174 418 2253 lege
432 2178 541 2237 iacens.
572 2184 605 2234 tu
621 2173 690 2235 licet
705 2193 827 2254 asperos

253 2279 464 2340 pugnacesque
480 2261 551 2320 decs
566 2258 680 2320 uiribus
697 2259 806 2320 audeas

254 2352 284 2406 et
298 2347 374 2407 uasti
389 2346 483 2422 spatio
499 2346 620 2404 uincere
636 2347 785 2422 corporis:

255 2448 364 2510 aequas
379 2427 537 2505 herculeos
552 2446 620 2488 narn
636 2429 750 2490 iuuenis
765 2436 847 2490 toros
934 2443 957 2484 r.
967 2441 1088 2484 cxxvuu
1105 2437 1156 2488 816

254 2513 356 2574 llartls
371 2512 506 2590 belligeri
520 2521 643 2590 pectore
659 2513 756 2575 latior.
1104 2521 1155 2572 816

299 2683 336 2742 Et
350 2689 382 2744 tu
397 2682 563 2762 thyrsigera
578 2681 668 2742 Liber
683 2680 720 2741 ab
736 2681 833 2751 lndia,
1104 2690 1164 2740 rel

191 2819 198 2829 ,.
255 2770 372 2829 intonsa
387 2767 504 2826 iuuenis
520 2774 698 2844 perpetuum
714 2785 798 2826 corna
837 2797 839 2802 v

255 2854 348 2931 tigres
363 2853 520 2930 pampinea
536 2852 658 2929 cuspide
673 2851 815 2911 territans

255 2956 290 2998 ac
305 2935 551 2996 mitracohibens
566 2938 757 3012 cornigerum
773 2941 876 3012 caput,

255 3039 315 3082 non
331 3022 433 3081 uinces
448 3020 558 3095 rigidas
574 3018 723 3100 Hippolyti
739 3037 847 3079 cernas.
1104 3028 1153 3077 765

256 3125 317 3167 neu
331 3103 432 3166 uultus
447 3105 570 3165 uirnium
585 3106 730 3183 suspicias
745 3112 825 3165 tuos:

240 3260 290 3309 798
307 3259 409 3308 lumine
424 3258 453 3307 Ἀ
472 3257 582 3306 numine
600 3255 626 3306 E·
638 3252 650 3323 {l
666 3257 724 3307 806.
742 3257 792 3307 807
810 3257 858 3306 linc
875 3256 1009 3319 reuocati,
1027 3263 1087 3320 post

171 3343 215 3379 ecs
233 3328 395 3377 intercidisse
413 3328 533 3376 uidentur
551 3326 600 3375 duo
617 3342 658 3376 uu.
672 3320 767 3390 l1812b.
781 3327 838 3376 813.
853 3325 904 3374 814
915 3326 1018 3388 spurios
1030 3339 1086 3374 esse

165 3402 243 3460 putat
260 3396 378 3459 Scaliper
399 3390 412 3458 l]
435 3395 485 3444 813
501 3407 609 3442 arceas
627 3393 652 3441 A
674 3392 777 3444 audeus
796 3393 821 3442 E
842 3387 855 3458 ΙΙ
878 3393 928 3443 81⁵
950 3407 1013 3442 nam
1036 3391 1085 3455 Εψ

169 3465 226 3514 iam
244 3478 264 3513 α
287 3459 299 3529 ΙΙ
322 3463 371 3513 766
389 3476 424 3511 ne
442 3461 493 3510 ΕΑ
512 3475 571 3510 neu
589 3461 621 3512 ci.
643 3459 720 3511 Gran.
744 3457 756 3526 l}
