2550 3917
524 203 675 251 OEDIPVS

141 357 195 404 cn.
218 344 310 405 edere
326 360 412 420 reges
428 343 502 403 dieta
519 362 595 421 quae
610 343 667 404 dici
684 342 802 404 iubent..

107 448 125 480 α
187 441 267 487 buu.
292 428 415 488 Mitteris
429 427 528 489 Erebo
544 427 602 489 uile
618 445 673 506 pru
689 430 803 488 eunctis
819 435 921 506 eaput,

141 530 249 574 arcana
265 514 342 573 sacri
357 531 432 573 unee
448 513 479 572 ui
493 514 603 590 retegis
618 520 676 573 tua.

138 611 192 657 cit.
215 595 482 658 tacerelieeat.
514 595 861 658 uitalibertasminor

138 702 154 742 a
172 701 244 760 rege
260 682 389 760 petitur?

104 765 130 824 α’
183 779 265 826 oui).
418 766 513 842 Saepe
529 764 578 826 uel
592 766 692 842 lingua
708 769 801 842 magis

137 855 203 928 regi
219 864 307 930 atque
323 868 415 927 regno
431 858 511 910 muta
527 850 686 910 libertas
701 851 795 911 obest.

138 948 190 995 cn.
217 936 266 1007 ubi
282 953 342 995 non
358 934 451 994 lieet
466 948 607 1004 tacere,
624 935 694 1014 quid
712 938 848 1013 cuiquam
864 933 949 996 lieet?

104 1019 139 1076 al'
184 1034 265 1081 osu.
290 1021 415 1097 imperia
431 1019 519 1079 soluit
533 1023 584 1097 qui
598 1027 699 1080 tacet
713 1022 809 1080 iussus
825 1018 915 1098 ioqui.

137 1116 190 1164 cu.
216 1111 317 1172 abacta
333 1103 427 1164 uerba
442 1104 575 1183 placidus
593 1105 720 1183 accipias
737 1123 853 1182 precor.

137 1202 219 1248 ouo.
245 1187 335 1249 ulline
350 1206 445 1265 poena
461 1191 544 1250 uoeis
560 1207 719 1267 expressae
735 1190 809 1248 suit?

105 1383 121 1414 a
181 1372 235 1418 cit.
262 1357 313 1416 Est
327 1357 433 1435 praeut
449 1357 484 1418 ab
502 1357 576 1418 urbe
590 1358 676 1418 lucus
691 1357 807 1418 ilicibus
823 1361 926 1434 niger,

47 1483 51 1493 ·
137 1443 262 1502 Dircaea
280 1443 357 1501 eirea
375 1440 460 1502 uallis
475 1443 609 1520 inriguae
624 1442 699 1502 ioca.

136 1545 238 1586 amara
255 1525 344 1586 bacas
358 1524 459 1586 laurus
474 1536 503 1586 et
518 1527 598 1588 tiliae
614 1526 696 1588 leues

136 1619 164 1670 et
179 1610 288 1689 paphia
306 1619 418 1689 myrtus
434 1619 463 1670 et
477 1629 532 1688 per
547 1614 715 1672 inmensum
733 1629 814 1672 mare

136 1704 253 1755 motura
271 1713 369 1755 remos
384 1694 467 1755 alnus
483 1704 512 1756 et
527 1696 679 1756 Phoebo
695 1695 787 1756 obuia
871 1749 876 1758 .

136 1781 234 1839 enode
249 1779 387 1860 zephyris
403 1781 490 1858 pinus
505 1779 660 1858 apponens
675 1780 761 1840 latus.

105 1865 127 1920 α’
182 1865 351 1940 Cupressus
367 1863 432 1924 aitis
448 1883 574 1926 exerens
588 1865 670 1925 siluis
686 1872 775 1942 eaput

124 1950 254 2008 uirente
270 1967 390 2027 semper
405 1949 513 2026 adligat
529 1959 634 2009 nuncu
652 1967 780 2010 neurus

136 2051 307 2110 aureosque
323 2033 417 2093 tendit
432 2052 559 2112 quercus
574 2042 602 2094 et
618 2041 721 2111 putres
738 2035 794 2094 situ

136 2135 249 2178 annosa
266 2136 396 2178 rames.
427 2119 516 2178 buius
531 2119 649 2196 abrupit
664 2118 740 2178 latus

137 2202 210 2262 edax
229 2210 374 2269 uetustas,
391 2201 439 2263 illa
455 2205 512 2262 iam
528 2205 620 2280 spissa
636 2203 747 2264 cadens

137 2288 239 2346 radice
254 2286 326 2346 suita
342 2287 452 2364 pendet
466 2287 560 2347 aliena
576 2287 669 2348 trabe.
734 2307 739 2318 ·

105 2370 135 2426 ὕ
177 2370 278 2431 Medio
293 2378 349 2430 stat
363 2373 468 2448 ingens
483 2372 572 2433 arbur
587 2380 675 2451 atque
690 2373 796 2433 umbra
812 2374 896 2450 graui

136 2454 228 2515 situas
243 2457 375 2515 minores
390 2465 497 2532 urguet
512 2463 541 2516 et
556 2473 664 2532 magno
680 2457 791 2517 ambitu

137 2539 240 2600 diffusa
256 2558 381 2600 ramus
397 2559 454 2600 una
470 2541 601 2601 defendit
616 2560 753 2602 nernus.

137 2625 226 2684 tristis
242 2624 298 2684 sub
315 2623 363 2683 iiia
378 2622 453 2685 lucis
469 2634 498 2685 et
512 2626 654 2686 Phoebi
669 2628 779 2686 inscius

137 2717 290 2786 restagnat
305 2727 392 2768 urnor
408 2710 518 2787 frigere
534 2719 655 2770 aeterne
671 2711 781 2788 rigens.

203 2881 255 2929 534
273 2857 369 2928 Mittes
388 2879 412 2928 E
439 2875 451 2944 ss
478 2878 691 2945 5365115115.
713 2896 729 2928 a
747 2896 768 2930 r.
789 2879 909 2944 petitur?
929 2880 953 2927 E
981 2879 1069 2929 nulla.

137 2948 161 2996 Α
172 2942 185 3011 [Ι
196 2950 247 2997 531
262 2947 309 2994 uel
322 2947 374 2996 ΕΑ
387 2945 451 2996 uilis
461 2954 505 2996 aut
515 2945 599 3009 uiliu
612 2943 623 3010 ll
641 2949 690 2996 539
703 2948 750 2996 ubi
760 2951 853 2997 tacere
867 2962 921 2996 nou
934 2948 1001 2997 lieet
1013 2955 1036 3011 ψ
1047 2945 1055 3011 Η

138 3022 196 3064 ante
225 3032 251 3063 u.
270 3015 321 3063 545
343 3017 474 3064 conlocaui
494 3031 535 3063 uu.
554 3016 689 3066 551-551
717 3012 729 3078 ΙΙ
758 3017 806 3065 551
826 3031 936 3064 amarae
956 3031 974 3064 οι
1003 3031 1056 3068 err.

139 3079 329 3215 ‘bi'p'b'ssssssssss
341 3082 372 3199 εΕ
390 3080 880 3214 ”ΐὲῗ.ῗὲ,ΑΑὟῗίἒῗὲἠῗῗῗψὲιὲἓὲ
898 3080 927 3199 {3
945 3083 1056 3198 bitti

139 3213 337 3281 Καβί-11115481.
356 3157 416 3266 5459·
434 3233 480 3267 om.
499 3226 522 3281 ψ
535 3162 608 3282 115149
622 3187 678 3266 'illa
691 3217 756 3266 ΕΕΕ
775 3218 854 3280 sylus
867 3219 891 3266 A
905 3213 916 3282 ΙΙ
928 3167 1018 3280 {pisse
1031 3217 1056 3266 Ε

140 3285 215 3332 fessa
233 3285 258 3332 Α
279 3285 387 3337 Herem?
422 3281 427 3348 Ι
455 3287 505 3336 556
529 3285 617 3334 siluas
640 3286 759 3334 minores
783 3291 883 3349 urguet
901 3285 952 3334 EA
983 3285 1056 3334 silua

140 3351 243 3400 minore
262 3353 352 3415 surgit
368 3350 413 3417 pl
436 3355 485 3402 557
505 3369 594 3403 ramos
613 3352 637 3400 Ε
651 3353 738 3402 Reser.
759 3354 842 3402 ramis
861 3353 886 3402 A
903 3349 914 3417 {l
932 3368 987 3402 una
1007 3355 1054 3403 εΑ

140 3419 235 3468 umbra
252 3429 277 3482 ψ
297 3415 309 3483 Η
333 3421 382 3469 558
400 3419 470 3470 lueis
488 3423 535 3471 εΑ
555 3421 633 3470 lucus
651 3430 674 3483 ψ
694 3417 705 3483 Η
728 3423 777 3471 559
795 3425 940 3484 restagnat
959 3421 1007 3470 eli
1025 3439 1055 3474 m.

140 3499 190 3534 see.
213 3488 288 3536 Vrat.
314 3487 359 3536 bie
378 3493 490 3552 stagnat
508 3491 533 3538 A
557 3489 621 3537 hine
640 3495 716 3551 stat
745 3483 756 3553 1Ι
