2550 3917
192 281 255 347 358
579 295 722 343 monum

234 438 280 498 Era
295 439 357 517 ipse
373 437 449 515 picta
466 442 548 496 ueste
565 435 697 496 sublimis
713 436 788 496 iacet

192 523 303 584 Priami
319 521 462 600 superbas
478 539 605 600 corpore
621 521 742 581 exuuias
757 538 873 598 gerens,

193 607 350 668 detrahere
366 606 462 668 cultus
477 625 553 666 uror
570 603 692 666 hostiles
707 605 804 676 iubet,

192 693 316 752 induere
331 697 430 770 potius
445 692 578 768 coniugis
593 691 669 750 fidae
684 708 774 751 manu

194 784 288 837 textos
304 778 437 836 amictus.

481 860 591 921 horreo
607 867 694 939 atque
710 861 808 920 animo
824 866 929 920 tremo.

193 962 333 1021 regemne
349 947 477 1024 perimet
492 945 560 1006 exul
576 952 604 1005 et
619 944 734 1005 adulter
748 945 865 1006 uirum?

193 1048 303 1090 uenere
319 1030 393 1098 fata,
411 1032 583 1106 sauguinem
600 1038 752 1090 extremae
768 1029 859 1107 dapes

193 1115 302 1173 domini
321 1115 464 1177 uidebunt
480 1126 508 1175 et
524 1133 613 1175 cruor
629 1113 742 1174 baccho
757 1114 876 1173 incidet.

234 1198 385 1260 Mortifera
401 1202 534 1262 uinctum
550 1199 681 1278 perfidae
696 1199 792 1259 tradet
807 1201 874 1259 neci

192 1283 292 1344 induta
309 1286 413 1344 uestis:
438 1287 548 1345 exitum
565 1283 704 1344 manibus
720 1289 831 1360 negant
973 1289 976 1294 '

192 1375 340 1447 caputque
356 1368 413 1429 laxi
429 1378 458 1429 et
473 1371 545 1429 inuii
561 1367 684 1428 cludunt
698 1371 789 1428 sinus.

192 1451 290 1513 haurit
304 1455 441 1514 trementi
458 1456 580 1515 semiuir
595 1454 697 1514 dextra
713 1453 789 1513 latus

192 1555 247 1597 nec
262 1540 379 1616 penitus
395 1541 469 1615 egit:
492 1537 618 1600 uulnere
633 1541 664 1597 in
680 1538 778 1599 medio
794 1545 901 1615 stupet.

233 1624 270 1682 At
284 1622 332 1683 ille
347 1629 379 1681 ut
394 1623 459 1684 altis
474 1622 606 1701 hispidus
621 1622 703 1682 siluis
718 1640 791 1698 aper

193 1724 260 1765 cum
277 1725 359 1768 casse
374 1709 492 1768 uinctus
506 1715 630 1786 temptat
646 1725 783 1784 egressus
798 1715 896 1768 tamen

192 1798 327 1870 artatque
343 1800 424 1853 motu
442 1792 537 1853 uincla
554 1801 583 1853 et
598 1794 747 1852 incassum
763 1792 850 1862 furit,

193 1878 274 1954 cupit
288 1876 414 1937 fluentes
429 1878 560 1956 undique
576 1885 605 1938 et
621 1894 726 1937 caecos
741 1876 822 1936 sinus

192 1960 318 2022 disicere
334 1969 363 2021 et
378 1961 493 2023 hostem
509 1964 624 2042 quaerit
638 1960 787 2038 inplicitus
802 1979 897 2023 suum.

233 2048 336 2106 Armat
349 2046 471 2125 bipenni
486 2047 631 2126 Tyndaris
648 2045 782 2105 dextram
798 2046 900 2106 furens

192 2130 345 2210 qualisque
360 2130 395 2191 ad
412 2149 478 2192 aras
494 2131 567 2192 colla
583 2139 738 2191 taurorum
754 2135 821 2207 pins

193 2215 327 2292 designat
342 2215 435 2276 oculis
450 2225 517 2278 ante
534 2234 621 2295 quam
637 2216 718 2275 ferro
734 2222 829 2293 petat:

195 2301 237 2360 sic
251 2299 309 2360 hue
326 2308 355 2360 et
370 2299 437 2361 illuc
452 2301 563 2381 inpiam
578 2300 668 2360 librat
683 2318 813 2360 manum.

191 2384 296 2454 hahet,
313 2393 466 2464 peractum
482 2394 536 2446 est.
567 2386 677 2466 pendet
692 2387 797 2462 exigua
813 2384 891 2445 male

190 2476 279 2549 caput
294 2478 475 2548 amputatum
492 2477 576 2549 parte
592 2479 621 2532 et
635 2472 706 2530 hinc
722 2479 827 2529 trunco
844 2488 934 2532 cruor
1131 2479 1182 2528 960

191 2554 334 2623 exundat,
351 2553 433 2616 illinc
449 2574 501 2615 ora
517 2574 583 2616 cum
600 2556 720 2616 fremitu
735 2556 842 2615 iacent.

232 2635 369 2700 Nondum
384 2642 537 2701 recedunt.
555 2639 603 2700 illa
617 2642 676 2701 iam
694 2640 828 2700 exanime
842 2643 949 2719 inpetit

190 2723 358 2802 laceratque
374 2743 497 2804 corpus,
513 2723 562 2786 illa
578 2726 739 2786 fodientem
756 2723 889 2795 adiuuat,
1057 2740 1081 2784 r.
1097 2741 1178 2782 cxvn

190 2816 316 2886 uterquc
331 2817 412 2871 tanto
428 2808 540 2870 scelere
556 2810 718 2890 respondet
733 2812 808 2870 suis:

192 2901 236 2953 est
250 2893 299 2954 hic
314 2895 463 2973 Thyestae
479 2905 586 2971 gnatus
600 2895 675 2956 haec
690 2894 818 2956 Helenae
834 2913 930 2957 soror.
1128 2907 1178 2958 965
1257 2952 1258 2959 ,

191 2984 248 3038 stat
264 2997 333 3039 ecce
349 2981 436 3040 Titan
453 2979 558 3040 dubius
575 2981 698 3042 emerito
714 2979 761 3040 die

192 3080 284 3123 suane
300 3072 400 3135 currat
415 3081 452 3125 an
468 3065 598 3144 thyestea
614 3069 673 3126 uia.

723 3291 725 3295 ·
786 3279 797 3306 0

260 3320 310 3370 937
328 3320 365 3368 Et
382 3336 404 3370 ω
420 3320 470 3368 En
488 3320 564 3370 NHe.
587 3315 600 3386 ss
622 3322 674 3370 945
691 3318 802 3385 porfid&
819 3318 855 3369 Ει
877 3317 889 3385 ll
912 3322 963 3371 946
985 3324 1071 3385 negot
1090 3338 1113 3372 ω

194 3391 309 3449 nogant
328 3387 402 3436 NHe.
424 3383 435 3452 ΙΙ
458 3389 507 3438 947
526 3387 596 3436 inuli
613 3388 638 3436 E
655 3388 727 3436 inuii
745 3391 769 3438 A
789 3384 802 3453 ΙΙ
822 3390 872 3438 949
890 3389 948 3454 egit
966 3388 991 3437 E
1009 3389 1111 3453 agitata

195 3450 283 3515 adigit
299 3454 325 3503 A
349 3450 360 3519 ll
383 3455 433 3504 956
450 3457 527 3517 prius
544 3472 566 3504 ω
585 3456 656 3520 pius
673 3458 813 3506 Accenciue
835 3451 847 3521 l]
871 3458 921 3506 962
941 3457 1067 3521 exanime
1085 3457 1112 3506 E

195 3521 349 3568 exanimem
368 3521 391 3568 A
405 3520 416 3584 ΙΙ
428 3522 499 3585 petit
516 3538 538 3570 ω
556 3523 672 3588 impetit
689 3524 765 3576 NHs.
783 3520 795 3590 ΙΙ
813 3525 862 3574 965
881 3525 931 3574 Est
948 3524 994 3574 hic
1012 3525 1038 3574 lt
1056 3525 1112 3574 Hic

196 3589 238 3634 est
256 3587 280 3634 A
293 3583 305 3650 ΙΙ
317 3586 439 3650 Thyeste
458 3587 509 3636 EA
528 3588 677 3653 Thyestae
697 3591 775 3644 Gron.
800 3588 813 3658 {l
