2550 3917
500 200 699 249 aoauuuuo
994 178 1057 245 325

183 356 281 404 (1111.
307 341 452 419 Equidem
467 348 497 401 et
510 337 625 417 iugales
641 337 717 399 tiliae
733 338 855 398 memini
870 336 950 397 laces

140 439 170 491 et
186 446 327 506 generum
343 425 496 487 Achillem.
528 424 673 501 praestitit
691 424 778 483 matri
793 421 892 482 fidem.
1077 428 1126 479 160

181 526 286 573 nvrn.
309 510 445 572 Redemit
459 508 513 570 illa
524 508 626 570 classis
642 510 770 568 inmotae
785 524 885 567 moras

140 605 170 658 et
184 599 277 658 marla
292 597 378 674 pigro
393 595 450 655 lixa
465 594 610 672 languore
626 592 741 671 inpulit.

183 778 283 826 cunr.
307 765 392 843 Piget
407 762 555 841 doletque.
585 762 730 841 Tyndaris
746 760 818 821 caeli
834 777 928 839 genus

139 848 262 910 lustrale
278 848 365 909 classi
379 849 499 910 doricae
514 848 618 925 peperi
633 855 730 923 capul.

139 932 269 995 reuoluit
284 936 400 995 animus
414 933 539 1010 uirginis
556 930 701 992 thalamos
717 948 800 991 meae

139 1036 215 1097 quos
229 1018 279 1078 ille
294 1018 400 1097 dignos
414 1016 530 1097 pelopia
547 1016 617 1077 lecit
631 1017 738 1084 domo,

141 1122 209 1164 cnm
225 1104 307 1164 stetit
321 1103 358 1163 ad
374 1120 441 1164 aras
457 1120 510 1163 ore
525 1101 660 1162 sacrifico
676 1108 770 1178 pater.

181 1186 277 1257 Quam
293 1186 449 1267 nuptiales.
480 1186 597 1247 lrorruit
612 1184 734 1247 Calchas
751 1202 821 1245 suae

139 1290 284 1351 responsa
299 1274 382 1333 uocis
397 1280 427 1333 et
441 1272 617 1331 recedentes
632 1271 723 1330 locos.

139 1376 157 1416 o
173 1356 288 1418 scelera
304 1375 424 1435 semper
439 1355 602 1417 sceleribus
617 1356 741 1415 uincens
757 1354 872 1416 domus.

140 1459 248 1503 cruore
262 1447 370 1502 uentos
386 1442 527 1509 emimus,
544 1438 655 1501 bellum
671 1456 755 1500 nece.

138 1540 244 1586 uer.
261 1525 313 1587 sed
329 1524 396 1587 uela
411 1527 524 1605 pariter
539 1523 620 1584 mille
635 1524 771 1585 lecerunt
786 1529 875 1584 rates

181 1623 285 1671 cunr.
307 1610 373 1670 Non
389 1618 435 1670 est
449 1608 544 1671 soluta
560 1626 705 1689 prospero
721 1607 822 1669 classis
838 1606 909 1669 deo:

140 1696 229 1755 eiecit
244 1693 325 1755 lulis
340 1696 435 1771 inpias
450 1701 538 1772 portu
553 1701 644 1755 rates.

138 1781 181 1839 sic
196 1780 367 1857 auspicatus
382 1777 459 1839 bella
475 1796 535 1839 non
551 1777 658 1839 melius
674 1778 760 1855 gerit.

139 1861 262 1945 [amore
275 1870 387 1940 captae
401 1870 510 1939 captus
523 1868 654 1925 inmotus
663 1860 773 1943 prece]

138 1947 289 2009 zminthea
305 1949 398 2008 tenuit
412 1947 505 2026 spolia
520 1946 649 2024 phoebei
663 1948 742 2006 senis

140 2034 252 2094 ardore
267 2050 371 2093 sacrae
386 2033 511 2109 uirginis
525 2034 584 2092 iam
600 2040 663 2092 tum
680 2030 792 2092 lunens.

179 2118 249 2177 Non
266 2115 349 2176 illum
365 2115 493 2176 Achilles
508 2116 590 2177 llexit
605 2117 767 2177 indomitus
782 2116 885 2184 minis,
954 2135 956 2139 ·

138 2220 198 2261 non
214 2200 268 2262 ille
283 2201 365 2263 solus
381 2202 438 2262 lata
453 2202 505 2279 qui
520 2201 624 2264 mundi
638 2202 721 2261 uidet

138 2288 168 2345 in
184 2305 242 2347 nos
257 2284 351 2347 fidelis
366 2304 461 2363 augur
476 2286 507 2344 in
523 2294 623 2365 captas
637 2284 728 2355 leuis,

138 2388 199 2430 non
214 2370 346 2449 populus
361 2388 450 2448 aeger
465 2378 495 2430 et
508 2369 678 2432 relucentes
693 2372 769 2449 rogi.

139 2456 219 2515 inter
236 2456 351 2516 mentis
366 2456 508 2517 Graeciae
524 2464 653 2533 stragem
669 2454 802 2515 ultimam

139 2541 203 2600 sine
219 2540 306 2600 hoste
320 2541 418 2600 uictus
433 2547 548 2600 marcet
561 2558 597 2599 ac
611 2541 720 2601 Veneri
737 2547 822 2600 uacat

139 2632 319 2704 reparatque
335 2642 453 2685 amores

475 2708 558 2771 Neue
574 2708 708 2769 desertus
726 2708 802 2769 loret

141 2862 343 2871 ...ῳ-ψ..

209 3032 258 3081 159
281 3032 319 3080 Et
342 3028 452 3094 quidem
475 3029 524 3079 ER
551 3025 564 3095 [1
594 3031 641 3079 161
668 3029 850 3095 Clytemestrae
869 3032 932 3080 dant
949 3032 1061 3081 nonnulli

139 3098 205 3149 Pau.
236 3095 249 3164 11
279 3100 327 3149 162
344 3099 429 3162 lango
448 3097 473 3146 Ε
490 3096 606 3163 langore
624 3098 649 3146 A
680 3094 692 3163 H
719 3098 770 3149 163
788 3098 870 3162 Piget
888 3096 1015 3161 doletque
1035 3096 1060 3145 E

139 3166 230 3217 Pudet
246 3167 380 3233 pigetque
397 3160 511 3230 1111164
527 3166 624 3230 peperi
642 3166 668 3215 lt
678 3181 696 3230 9
713 3168 822 3231 peperit
839 3166 863 3215 A
875 3161 888 3231 ΙΙ
905 3166 953 3215 167
972 3165 1058 3214 sacri·

140 3232 191 3285 fico
210 3234 263 3284 EA
282 3234 421 3301 sacrilego
439 3228 487 3297 dall
501 3234 549 3283 168
567 3234 657 3295 Quam
673 3233 699 3282 Ε
718 3234 806 3297 Quasi
824 3235 848 3281 A
861 3232 873 3298 ΙΙ
886 3234 933 3282 172
951 3232 1059 3283 NVTR.

140 3302 225 3353 Aom.
239 3303 301 3368 Em
323 3299 336 3369 ΙΙ
358 3301 436 3352 belle
453 3300 478 3349 Ε
500 3300 567 3350 uela
583 3302 608 3351 A
632 3297 645 3367 ll
674 3303 722 3351 173
742 3301 844 3351 OLYT.
865 3302 889 3351 A
903 3315 950 3350 om.
963 3299 1024 3365 Εψ
1045 3300 1058 3363 ΙΙ

141 3371 265 3421 17411116
283 3371 309 3420 lt
331 3370 411 3419 Aulis
429 3370 454 3419 A
477 3365 491 3431 ll
515 3371 563 3419 176
578 3376 641 3434 port
657 3387 681 3419 u.
702 3371 750 3420 177
769 3368 832 3418 1116
850 3370 933 3418 deleat
947 3375 1060 3432 propter

140 3452 181 3489 nu.
201 3440 319 3490 178190
339 3434 419 3504 1921]
441 3440 489 3489 177
507 3438 583 3487 aenis
601 3437 626 3486 Ε
638 3437 662 3487 R
674 3453 720 3501 mp.
734 3454 764 3488 m.
775 3453 819 3501 pr.
840 3436 918 3486 ducis
936 3437 961 3486 A
978 3432 989 3502 ll
1012 3436 1060 3486 178

141 3504 270 3557 Ardorem
289 3514 313 3570 ψ
336 3502 349 3572 Ι]
371 3510 522 3570 tantumn
545 3501 557 3571 ΙΙ
579 3506 674 3555 ferens
692 3514 715 3569 ψ
736 3501 748 3571 Η
773 3507 821 3557 179
838 3504 989 3555 indomitis
1008 3520 1027 3553 u
1046 3504 1061 3566 Η
