2550 3917
197 191 239 254 20
477 204 508 249 u.
525 202 659 249 nunaut
675 200 832 248 sunnone

158 379 183 411 m
240 356 316 404 Luc.
346 343 506 403 Animosne
521 358 636 402 mersus
651 340 792 401 inieris
808 341 935 399 coniunx
953 338 1037 397 iacit?

198 442 282 491 Muta.
312 424 460 489 interna
475 428 581 503 tetigit,
597 432 698 505 posset
712 434 745 485 ut
759 443 867 503 supera
883 424 1014 502 adsequi.

197 528 273 575 Luc.
305 512 419 573 telluris
434 510 516 572 illum
533 512 649 589 pondus
664 511 816 571 inmensae
831 510 977 585 premit.

197 612 281 660 Muta.
312 597 393 658 nullo
410 606 603 675 premetur
619 614 711 656 onere
726 596 776 673 qui
792 593 906 654 eaelum
921 591 997 653 tulit.

156 692 190 749 m‘
242 696 319 745 ure.
351 682 502 759 Cogere.
1135 678 1189 727 430

166 788 168 793 ·
202 782 285 829 Muu.
463 814 469 821 .
538 766 689 843 cogiqui
704 772 809 843 potest,
826 764 919 823 nescit
935 764 1020 824 mori.

197 866 275 913 unc.
306 853 397 912 otiare
412 850 547 913 thalamis
562 850 642 933 qued
658 851 743 910 nouis
758 850 857 927 potius
871 866 974 927 parem

197 936 295 1015 regaie
311 936 436 997 munus?

198 1035 283 1083 uua.
449 1028 500 1079 aut
514 1026 595 1079 tuam
610 1028 736 1079 mortem
752 1025 803 1079 aut
817 1035 923 1078 meam.
1116 1044 1140 1085 f,
1156 1044 1222 1085 vfflf

196 1118 273 1166 Luc.
298 1107 426 1165 moriere
442 1104 580 1165 demensi

197 1200 282 1251 Muta.
476 1241 479 1247 .
585 1189 704 1265 coniugi
719 1204 875 1248 occurram
891 1204 969 1247 meo.

157 1290 183 1323 111
238 1286 314 1334 Luc.
339 1274 523 1352 Sceptraque
538 1278 642 1333 nostro
658 1271 820 1332 famulus
836 1279 880 1331 est
895 1274 992 1349 potior
1008 1269 1079 1330 tibi?

196 1373 280 1420 uuo.
307 1370 378 1435 quot
393 1362 447 1417 iste
463 1356 624 1418 famulus
639 1357 762 1417 tradidit
776 1374 863 1434 reges
878 1358 954 1417 ueri.
1053 1360 1056 1364 ’
1133 1371 1183 1419 435

196 1457 272 1504 LYC.
298 1461 351 1504 cur
368 1459 438 1520 ergo
454 1444 519 1519 regi
534 1444 627 1503 seruit
642 1450 672 1501 et
686 1443 796 1520 patitur
811 1440 931 1518 iugum?

197 1542 280 1591 Muta.
310 1530 434 1605 imperia
450 1528 524 1587 dura
540 1526 619 1597 tolle,
636 1527 706 1604 quid
721 1528 846 1586 uirtus
862 1525 936 1586 erit?

153 1620 187 1677 m'
239 1625 316 1673 Luc.
342 1612 426 1672 Obici
441 1612 511 1672 seris
527 1613 724 1689 monstrisque
739 1611 917 1671 uirtutem
933 1609 1038 1687 putas?

195 1712 280 1759 Muta.
304 1698 423 1756 uirtutis
439 1705 483 1756 est
498 1697 619 1757 domare
635 1715 711 1774 quae
726 1696 823 1755 cuncti
839 1702 957 1772 pauent,

195 1794 272 1842 utu.
296 1780 438 1841 tenebrae
453 1780 628 1859 loquentem.
639 1797 745 1857 magna
760 1787 907 1840 tartareae
923 1784 1072 1857 premunt.
1129 1794 1179 1841 440

195 1878 280 1926 MEG.
304 1883 364 1925 uon
381 1872 425 1923 est
440 1865 476 1924 ad
492 1874 570 1926 astra
586 1864 682 1924 mollis
698 1885 714 1925 e
728 1866 816 1924 terris
831 1868 889 1924 uia.

162 2089 180 2125 n
239 2080 317 2127 Luc.
341 2065 418 2136 Quo
433 2074 539 2145 patre
555 2068 671 2143 genitus
687 2066 821 2128 caelitum
838 2073 938 2144 sperat
952 2066 1076 2126 domos?

196 2164 304 2212 AMPH.
329 2151 496 2211 miseranda
513 2154 642 2211 coniunx
658 2152 793 2212 Herculis
810 2152 909 2228 magui
924 2150 987 2211 sile.

196 2245 295 2314 partes
311 2254 395 2296 meae
411 2244 479 2295 sunt
493 2236 620 2296 reddere
636 2236 754 2297 Alcidae
770 2244 886 2313 patrem

196 2338 349 2398 genusque
363 2338 479 2381 uerum.
509 2327 592 2398 post
609 2330 651 2381 tot
666 2323 792 2399 ingentis
808 2322 866 2381 uiri

196 2404 388 2465 memoranda
404 2406 479 2464 taeta
494 2412 642 2483 postque
658 2414 795 2483 pacatum
811 2422 900 2465 uranu

196 2490 405 2566 quodcumque
421 2490 508 2549 Titan
524 2498 606 2549 ortus
622 2498 651 2550 et
665 2488 769 2550 labens
784 2490 880 2550 uidet:

157 2572 182 2630 n'
238 2574 324 2633 Post
339 2580 471 2633 monstra
488 2581 530 2631 tot
544 2574 720 2651 perdomita,
736 2582 818 2651 post
833 2571 991 2651 Phlegram
1005 2574 1088 2651 inpio

196 2676 327 2737 sparsam
345 2676 452 2718 eruore
468 2665 614 2737 postque
631 2659 768 2719 defensos
784 2658 856 2719 deos

196 2812 398 2819 ——›—.--.—·-

263 2914 313 2960 426
337 2912 416 2961 dabit
437 2914 460 2961 V
494 2908 505 2977 ii
541 2914 591 2961 427
613 2927 732 2977 superna
750 2910 810 2971 Eiap
844 2927 944 2976 supera
962 2911 1058 2977 Ε’φΑ
1085 2908 1103 2999 Β

107 2984 109 2988 ’
195 2980 244 3027 429
263 2984 432 3042 premeretur
452 2978 485 3027 E¹
515 2975 527 3045 ΙΙ
555 2982 606 3030 434
629 2985 792 3044 sceptroque
811 2977 932 3044 13¹an
960 2985 1112 3046 seeptroq3

196 3044 260 3107 lup
290 3051 435 3110 sceptrone
453 3062 488 3096 eae
506 3063 537 3096 m.
554 3064 575 3096 s.
594 3050 709 3111 reposuit
727 3049 830 3097 Detrr'us
859 3044 870 3113 ΙΙ
899 3048 990 3113 potior
1009 3052 1052 3097 est
1070 3048 1111 3099 fa-

196 3113 284 3161 mulus
303 3114 354 3162 tibi
372 3114 397 3162 A
422 3114 488 3162 fam.
509 3119 551 3164 est
569 3121 625 3179 pot.
644 3121 663 3167 t.
682 3116 739 3164 EV
758 3112 771 3182 [1
798 3118 849 3167 435
868 3116 939 3180 quod
957 3114 992 3164 El
1021 3112 1033 3182 ΙΙ
1061 3118 1111 3167 431

196 3181 268 3243 quod
286 3183 312 3229 iu
331 3180 395 3245 quid
414 3198 482 3231 corr.
502 3180 537 3230 13ι
558 3178 569 3247 Η
598 3186 648 3234 439
667 3185 756 3232 uirtus
778 3186 825 3245 Vp
847 3178 963 3248 uirtusls
984 3184 1008 3232 Τ
1027 3185 1134 3233 uirtu.

194 3249 232 3297 tis
251 3248 290 3297 εΑ
315 3245 326 3313 [i
349 3252 447 3298 timent
463 3251 490 3299 V
499 3250 582 3303 Basti.
596 3252 721 3315 mp.R13
745 3252 843 3300 timent
860 3256 965 3317 pauent
983 3253 1044 3301 Rrr
1063 3268 1111 3314 pa-

194 3320 288 3366 uents
305 3332 386 3381 supro
405 3333 504 3367 neroum
521 3333 573 3367 ree.
591 3336 622 3370 m.
635 3321 698 3371 odd.
711 3320 774 3369 trra
797 3316 809 3385 Π
837 3322 887 3369 442
906 3325 1001 3383 sperat
1019 3320 1112 3369 EVlm

195 3388 323 3448 penetrat
340 3386 365 3435 Α
400 3380 411 3450 ii
440 3386 491 3435 444
513 3401 592 3435 meae
611 3387 743 3436 haesunt
762 3388 786 3436 Α
811 3388 864 3437 hae
883 3387 993 3437 deestE
1020 3384 1031 3453 ΙΙ
1061 3390 1111 3438 448

194 3456 323 3541 pelogam
342 3468 367 3517 E
394 3464 405 3533 il
434 3472 484 3520 443
503 3486 627 3534 sparsum
650 3473 697 3534 Vp
720 3468 732 3536 Η
