2550 3917
548 210 747 258 AGAMEMNO

179 351 278 428 caiigo
296 358 324 410 et
341 351 423 436 cmiii
438 349 503 410 lnce
519 348 664 410 subducta
681 349 789 409 fretum

179 435 358 513 caelumque
374 437 487 495 miscet.
519 433 649 512 undique
665 433 840 494 incumbunt
854 433 941 494 simul

182 525 361 599 rapiuntque
377 519 498 598 pelagus
515 519 614 578 intimo
632 537 770 579 euersum
786 518 849 578 selo

180 607 328 666 aduersus
346 623 417 664 euro
434 604 580 682 zephyrus
597 603 751 664 ethereae
767 610 862 664 nctus.

182 689 286 768 {Sua
304 691 428 768 quisque
444 690 532 748 mittit
546 687 603 748 tela
621 697 651 748 et
665 688 764 748 infesti
780 688 887 748 fretum

181 774 374 835 emeliuntur.
408 773 495 833 turbe
511 772 664 834 conuoluit
679 791 776 833 mare:

180 860 365 940 strymonius
381 857 453 920 altas
469 857 566 934 equile
583 864 760 933 contorquet
775 859 858 918 niues

183 943 358 1022 libycusque
374 944 500 1004 harenas
516 951 615 1004 auster
631 943 668 1002 ad
683 949 778 1020 syrtes
794 945 862 1020 agit.

183 1037 241 1088 nec
255 1035 355 1089 manet
370 1030 399 1088 in
416 1034 530 1088 austro:
555 1028 588 1086 tit
602 1029 705 1103 grauis
720 1027 829 1087 nimbis
844 1034 944 1097 nctus,

182 1113 279 1173 imbre
296 1120 383 1189 auget
399 1113 511 1181 undas,
529 1131 618 1173 eurus
634 1113 777 1172 orientem
794 1121 895 1172 monet

182 1198 326 1258 nabataea
344 1198 477 1276 quatiens
492 1215 584 1274 regna
602 1205 631 1257 et
647 1215 717 1257 eccs
731 1197 823 1256 sinus,

227 1282 303 1354 Quid
318 1283 438 1344 rabidus
454 1300 504 1342 ora
521 1299 609 1342 cerus
624 1299 737 1342 oceano
752 1281 895 1342 exerens?

182 1366 329 1428 mundum
345 1365 450 1427 reuelli
466 1366 586 1426 sedibus
603 1373 696 1426 tctum
713 1367 774 1426 suis

183 1455 323 1530 ipsosque
340 1459 428 1529 rupto
444 1452 583 1512 crederes
599 1451 680 1512 caelo
696 1451 767 1510 deos

182 1536 324 1597 decidere
340 1543 368 1596 et
384 1543 481 1596 atrum
496 1534 587 1596 rebus
603 1535 703 1596 induci
718 1536 818 1595 chaos.

183 1629 276 1681 uento
292 1621 402 1682 resistit
417 1628 515 1682 aestus
531 1627 560 1680 et
576 1629 684 1680 uentus
698 1629 779 1680 retro

182 1715 299 1767 aestum
316 1705 452 1766 reuoluit.
483 1723 543 1764 nnn
559 1706 637 1784 capit
653 1723 718 1766 sese
734 1721 815 1765 mare

183 1791 340 1868 nudasque
355 1793 482 1850 miscent
496 1790 592 1850 imber
608 1797 637 1850 et
652 1790 758 1849 fluctus
773 1807 849 1849 suas.

228 1875 290 1936 Nec
305 1876 363 1936 hcc
377 1874 513 1935 leuamen
529 1874 656 1952 denique
671 1875 824 1935 aerumnis
839 1874 924 1937 detur

185 1960 290 2020 uidere
306 1959 410 2020 saltem
427 1967 456 2020 et
471 1977 558 2018 nesse
573 1977 632 2036 quc
648 1966 772 2038 pereant
787 1957 880 2018 malo:

185 2051 325 2120 premunt
339 2043 482 2104 tenebrae
497 2042 608 2104 lumina
625 2051 654 2102 et
669 2044 751 2104 dirae
767 2044 864 2121 Stygis

184 2128 302 2201 interna
318 2146 377 2189 nox
394 2137 448 2188 est.
479 2128 617 2209 excidunt
632 2129 716 2206 ignes
731 2128 829 2188 tamen

183 2219 217 2273 et
231 2214 310 2273 nube
326 2213 422 2273 dirum
439 2212 550 2274 fulmen
568 2212 637 2272 elisa
654 2214 744 2273 micat

184 2299 362 2376 miserisque
378 2297 452 2357 lucis
467 2303 546 2358 tanta
563 2296 691 2358 dulcedo
708 2305 752 2357 est
767 2296 876 2358 malae:

184 2381 243 2441 hoc
261 2381 360 2444 lumen
379 2389 491 2459 optant.

515 2467 582 2545 Ipsa
597 2484 629 2526 se
646 2466 748 2526 classis
762 2468 870 2545 premit

182 2557 217 2610 et
232 2569 322 2628 prora
337 2569 445 2630 prorae
460 2552 563 2612 nocuit
579 2558 606 2610 et
621 2550 706 2612 lateri
721 2549 808 2612 latus.

183 2633 265 2694 illam
282 2635 436 2696 dehiscens
451 2643 559 2714 pontus
570 2638 604 2700 ,in
620 2653 765 2715 praeceps
780 2637 859 2714 rapit

184 2719 344 2798 hauritque
361 2728 390 2779 et
405 2720 462 2780 alto
478 2720 623 2780 redditam
639 2721 767 2781 reucmit
781 2725 873 2789 mari,

253 2991 304 3040 496
332 2991 490 3056 Rapuitque
514 2999 537 3054 ψ
566 2988 577 3057 11
607 2989 727 3040 infimum
751 3005 848 3040 euerso
871 2989 934 3055 pole
958 2989 983 3037 E
1012 2989 1104 3042 infimo

181 3105 311 3142 euersum
329 3091 387 3142 solo
406 3092 430 3142 A
476 3092 525 3143 497
545 3069 667 3144 Aduersd
687 3091 721 3140 Ε1
740 3088 816 3156 11498
839 3093 927 3142 mittit
950 3091 976 3140 E
989 3093 1011 3142 R
1023 3093 1105 3143 Hein-

181 3161 272 3210 aianus
285 3161 397 3210 mittunt
409 3161 433 3208 A
470 3162 520 3210 501
534 3161 568 3210 ad
580 3160 606 3209 E
618 3161 659 3209 Md
671 3160 772 3209 IIPall.
784 3162 821 3224 9?
835 3161 999 3210 Germanicus
1011 3176 1045 3210 ac
1058 3162 1083 3211 Α
1095 3160 1105 3226 11

181 3228 235 3276 504
254 3229 299 3276 ete
319 3243 372 3280 ons
391 3225 474 3292 (prius
492 3244 508 3278 c
528 3246 559 3278 m.
576 3228 650 3289 tert.)
668 3227 693 3275 E
705 3223 716 3294 11
729 3243 811 3277 sonus
829 3227 866 3277 E¹
884 3230 961 3278 sinus
979 3225 1106 3293 E311505

183 3293 298 3344 rabidus
317 3296 342 3344 Ε
360 3295 473 3360 rapidus
491 3297 517 3346 A
534 3293 545 3362 11
563 3298 612 3347 506
631 3295 742 3346 recellit
759 3296 784 3344 Ε
801 3297 899 3347 reuelli
916 3297 941 3346 Α
959 3292 971 3362 11
993 3298 1042 3347 507
1060 3312 1105 3346 ru-

184 3366 247 3426 ptos
263 3379 281 3426 9
299 3367 393 3428 reptos
411 3364 434 3414 R
488 3365 537 3414 508
555 3363 700 3414 Decedere
718 3364 743 3413 Ε
764 3361 775 3430 11
797 3366 845 3414 512
870 3365 951 3415 detur
968 3363 994 3412 Ε
1012 3365 1106 3414 datum

183 3433 229 3478 est
245 3433 271 3480 Α
296 3436 339 3480 est
357 3447 403 3481 om.
423 3432 445 3480 R
486 3433 534 3482 517
553 3432 626 3482 mele
647 3430 692 3496 (re.
711 3432 818 3497 optant)
838 3431 886 3482 Bo.
899 3429 971 3498 11521
990 3448 1065 3482 mere
1084 3450 1106 3482 ω

183 3498 259 3546 mari
280 3499 357 3548 Gran.
377 3506 403 3548 et
421 3499 496 3552 NHr.
519 3495 531 3564 11

238 3597 363 3632 sennenn
384 3598 466 3635 unae.
860 3580 902 3643 22
