2550 3917
193 183 256 247 298
477 198 506 244 n.
525 197 656 245 Annaei
673 195 830 243 sennenn

192 338 286 415 pietas
301 342 396 396 uetat:
413 353 540 414 namque
556 334 633 395 istud
650 342 682 394 ut
697 335 805 411 possim
822 336 881 413 pati

191 439 251 480 non
266 422 330 498 ipse
347 427 456 481 memet
472 427 558 496 negat
574 427 602 479 et
617 438 671 479 rex
687 426 715 478 et
730 437 826 480 socer.

191 506 265 565 haec
281 523 367 565 causa
384 506 462 564 uitae
478 512 524 565 est
539 502 595 563 hcc
609 505 724 581 perusti
740 506 870 583 pectoris

192 591 272 649 euris
288 587 477 657 leuamen,
495 589 599 665 spiritu
616 589 702 649 citius
717 607 823 667 queam

194 690 297 733 carere
313 672 455 734 membris
470 671 546 732 luce.

191 770 277 817 unu.
609 757 652 815 sic
667 766 801 832 gnatus
815 758 912 819 amati

192 842 267 902 bene
284 850 342 902 est:
361 848 491 909 tenetur,
507 839 624 900 uulneri
639 842 733 918 patuit
748 841 839 901 locus.
856 874 898 885 -

155 951 174 986 ο
234 926 378 1003 Suprema
395 934 475 985 certe
491 925 578 985 liceat
593 924 751 984 abeuntem
767 924 848 1005 loqui

192 1009 347 1077 mandata,
364 1008 450 1069 liceat
464 1008 600 1071 ultimum
617 1008 784 1087 amplexum
801 1010 886 1070 dare:

192 1100 308 1171 gratnm
324 1102 368 1153 est
384 1103 411 1153 et
426 1092 508 1153 illud.
540 1112 613 1152 nece
630 1095 686 1152 iarn
703 1101 835 1154 extrema
849 1102 918 1172 peto
1022 1105 1025 1109 ’

190 1195 228 1236 ne
244 1179 341 1256 siqua
357 1187 459 1237 noster
474 1177 580 1237 dubius
596 1177 698 1237 effudit
714 1176 799 1236 detor

191 1269 329 1322 maneant
344 1262 373 1321 in
389 1262 486 1322 anime
503 1262 602 1321 uerba.
635 1259 766 1321 melioris
782 1261 833 1321 tibi

190 1347 334 1406 memoria
351 1347 444 1404 nostri
459 1346 573 1415 sedeat,
590 1345 664 1405 haee
680 1346 741 1405 irae
756 1346 822 1406 data

191 1428 410 1490 oblitterentur.

190 1525 256 1573 ms.
439 1515 536 1573 emnia
553 1532 586 1573 ex
604 1515 703 1573 anime
719 1512 818 1591 expuli

190 1615 357 1676 precorque
369 1605 401 1657 et
414 1600 478 1674 ipsa
496 1598 642 1657 semidam
657 1604 690 1656 nt
705 1604 833 1657 mentem
849 1615 937 1676 regas

57 1748 62 1759 ⁵
189 1680 364 1760 placideque
380 1689 503 1742 tractes:
527 1683 659 1741 miserias
674 1680 748 1741 lenit
766 1682 859 1758 quies.

154 1792 172 1840 p
233 1778 318 1824 Mun.
340 1765 488 1825 Discessit.
518 1767 596 1825 itane
613 1766 674 1825 est?
695 1766 778 1824 nadis
794 1764 901 1827 oblitus
917 1768 974 1826 mei

191 1856 219 1909 et
233 1855 277 1909 tet
292 1867 426 1909 meorum
442 1850 625 1908 facinorum?
648 1849 810 1909 excidimus
826 1849 897 1908 tibi?

189 1951 350 2011 numquam
366 1933 544 1992 excidemus.
575 1932 632 1993 hoc
648 1950 701 2010 age
718 1934 814 1992 omnis
829 1933 941 1993 adunca

102 2057 105 2063 ·
190 2019 270 2077 uires
286 2024 315 2077 et
330 2025 418 2077 artes.
450 2015 563 2076 fructus
579 2024 622 2077 est
637 2016 785 2077 scelernm
802 2016 853 2076 tibi

188 2100 303 2162 nullum
320 2099 416 2160 scetus
431 2110 547 2178 putare.
579 2101 627 2160 uix
645 2100 741 2161 fraudi
757 2107 801 2159 est
814 2100 911 2161 iocus:

155 2186 181 2259 ρ’
233 2184 392 2244 'timemur
425 2184 480 2244 hac
495 2184 659 2261 aggredere
675 2203 731 2261 qua
749 2203 836 2245 nemo
852 2194 950 2262 potest

190 2264 346 2347 quicquam
363 2269 475 2329 timere.
508 2286 606 2345 perge.
639 2286 718 2329 nnnc
734 2269 809 2329 ande
824 2270 922 2347 incipe

190 2352 330 2432 quicquid
346 2359 442 2430 potest
457 2353 558 2413 Medea
575 2353 713 2431 quicquid
732 2371 791 2411 nnn
807 2360 914 2431 petest.

191 2442 221 2496 tn
238 2436 295 2497 fida
311 2437 410 2496 nutrix
426 2437 507 2496 socia
521 2438 663 2496 maeroris
679 2438 737 2498 mei

191 2522 326 2598 uariique
342 2538 427 2581 casus
443 2522 550 2582 misera
567 2521 687 2581 consilia
704 2522 821 2581 adiuua.

155 2606 180 2664 0'
235 2605 286 2665 Est
302 2604 378 2681 palla
394 2604 479 2665 nobis
496 2623 601 2664 munus
617 2606 781 2665 aetherium
797 2605 903 2665 domus

189 2689 339 2767 decusque
354 2690 439 2766 regni
454 2690 560 2768 pignus
576 2690 682 2749 Aeetae
699 2690 798 2749 daturn

189 2790 204 2831 a
221 2772 289 2833 Sele
306 2775 437 2851 generis,
455 2783 499 2833 est
514 2780 543 2832 et
558 2791 630 2833 auro
647 2774 740 2833 textili

256 2993 306 3041 548
323 2991 396 3040 haud
414 3006 522 3054 possum
543 2991 565 3047 A
585 2996 615 3039 ut
633 2992 735 3054 possim
753 2992 778 3040 Ε
789 2988 801 3057 Η
818 2993 867 3042 549
885 3008 940 3042 non
959 2994 982 3042 si
1000 2994 1061 3058 ipse
1080 2996 1106 3043 A

188 3073 243 3108 non
261 3059 321 3123 ipse
339 3058 364 3107 E
379 3054 391 3124 ΙΙ
408 3060 457 3107 552
477 3059 501 3107 si
519 3059 565 3107 hic
584 3063 666 3107 natos
684 3060 709 3108 A
728 3058 853 3123 signatos
871 3060 896 3107 Ε
912 3057 924 3125 ΙΙ
940 3063 990 3112 558
1009 3061 1107 3111 melior

187 3126 240 3175 tibi
258 3133 281 3190 ψ
300 3126 349 3175 sed
368 3126 465 3175 melior
483 3127 533 3174 tibi
552 3126 577 3175 A
600 3126 722 3176 melioris
741 3127 792 3176 tibi
811 3127 836 3175 Ε
859 3123 870 3193 Η
893 3130 943 3178 559
962 3129 1062 3177 subeat
1080 3131 1105 3178 A

188 3193 286 3242 sedeat
303 3193 328 3242 Ε
348 3189 360 3258 ΙΙ
381 3192 508 3257 scripse
527 3193 576 3257 Εψ
594 3194 655 3258 ipss
673 3194 698 3242 A
719 3188 731 3259 Η
751 3196 801 3245 565
821 3195 931 3245 excides
950 3196 975 3243 Ε
993 3196 1106 3245 excide-

187 3275 246 3310 mus
259 3262 284 3311 Α
297 3257 309 3326 ΙΙ
320 3263 370 3311 568
383 3275 464 3323 quam
479 3276 497 3309 α
511 3258 576 3325 (qua
588 3263 641 3313 ind.
654 3261 718 3325 err.)
731 3258 743 3326 ΙΙ
759 3264 809 3313 570
821 3269 899 3326 potes
911 3264 937 3313 A
950 3268 1041 3327 potest
1053 3263 1078 3312 Ε
1097 3261 1107 3329 ΙΙ

157 3373 163 3387 ,
186 3327 286 3376 Medea
299 3328 378 3377 om.E
389 3323 400 3393 {l
413 3334 491 3392 petes
505 3329 530 3377 A
543 3332 635 3392 potest
645 3328 670 3377 Ε
681 3322 693 3394 {l
705 3331 754 3380 573
767 3330 879 3381 etheree
891 3338 915 3393 ψ
929 3330 1072 3381 aetheriae
1087 3347 1107 3380 α

188 3394 340 3443 aetherium
359 3394 384 3443 Ε
407 3392 419 3461 ΙΙ
443 3398 493 3444 574
511 3400 572 3445 oete
590 3399 631 3445 uel
653 3396 776 3461 oetheqa
800 3402 863 3447 aete
881 3397 906 3447 Ε
935 3400 1039 3449 Aeetae
1060 3414 1079 3447 α
1097 3394 1107 3465 ΙΙ

188 3460 238 3508 575
256 3461 371 3528 gemmis
390 3464 414 3509 A
434 3464 545 3525 generis
563 3462 588 3511 Ε
612 3459 623 3527 []
