2550 3917
534 220 702 267 PHAEDRA

159 371 264 418 ravan.
281 358 326 417 sic
341 365 370 419 ie
385 366 523 418 senectus
538 368 638 420 nostra
656 359 809 437 praecipiti
824 359 901 418 sinat

156 443 257 522 perire
272 441 352 502 letoi
374 444 444 502 siste
459 442 652 504 furibundum
669 447 820 522 impetum.

158 526 260 607 [laud
273 530 433 603 qaisquam
448 530 492 587 ad
504 532 599 588 uitam
610 529 711 601 facile
724 530 869 590 reuocari
876 527 1001 608 potest]

156 623 215 671 ΡΗ.
239 611 401 690 prohibere
418 610 497 671 nulla
513 614 589 672 ratio
605 614 769 689 periturum
787 620 883 690 potest

158 695 211 755 ubi
228 698 279 775 qui
293 697 370 756 meri
385 697 537 758 constitnit
552 704 580 758 et
595 697 683 757 debet
699 698 785 757 mori.

119 775 145 832 a'
202 793 306 840 nvrn.
331 779 469 841 Solamen
485 783 568 842 annis
583 783 703 842 unicum
720 781 829 842 lassis
844 781 930 850 hera,

155 865 184 923 si
198 872 258 924 tam
274 872 433 942 proteruus
448 865 567 926 incubat
582 869 673 927 menti
689 867 726 926 ln
736 883 813 926 ror:

156 956 316 1010 contemne
331 951 449 1010 lamam.
480 950 555 1010 lama
572 953 621 1011 nix
637 969 709 1012 uero
725 951 803 1011 lauet

155 1035 243 1112 peius
259 1035 386 1094 merenti
401 1033 507 1095 melior
522 1043 552 1095 et
567 1036 651 1113 peior
667 1035 756 1096 bono.

120 1220 136 1254 e
200 1203 391 1281 Tempiemus
406 1205 536 1264 animum
553 1206 666 1264 tristem
683 1212 711 1263 et
726 1203 952 1264 intractabilem.

156 1304 244 1347 meus
258 1288 312 1347 iste
327 1286 412 1348 labor
427 1295 472 1348 est
486 1289 608 1366 aggredi
622 1290 761 1349 iuuenem
779 1288 874 1348 lerum

16 1387 17 1456 p
156 1377 349 1450 mentemque
364 1390 483 1433 saeuam
500 1373 620 1434 flectere
636 1374 747 1435 inmitis
764 1374 830 1433 uiri.

449 1637 595 1685 CHORUS.
618 1637 781 1686 ORESSAE.

122 1811 141 1843 a
289 1793 362 1854 Dina
378 1812 436 1853 non
454 1796 516 1854 miti
531 1802 670 1871 generata
686 1801 777 1872 ponto

249 1895 335 1954 quam
351 1888 438 1939 uocat
453 1888 576 1940 matrem
593 1881 729 1957 geminus
744 1878 856 1957 Cupido

227 1961 385 2040 'inpetens
398 1963 524 2024 ilammis
539 1964 626 2024 simul
642 1971 671 2024 et
686 1965 798 2041 sagittis

291 2215 363 2277 lste
378 2215 507 2277 lasciuus
521 2234 611 2293 puer
627 2223 657 2276 et
671 2215 811 2276 renidens

248 2296 305 2358 tela
321 2318 407 2378 quam
424 2309 506 2361 certo
521 2301 693 2361 moderatur
708 2319 788 2360 arcu.

248 2381 379 2463 [labitur
391 2393 469 2447 totas
479 2387 575 2460 furer
588 2390 620 2471 ip
633 2389 784 2446 naedullas

247 2471 317 2542 ipae
327 2469 449 2541 furtiuo
461 2475 629 2547 populante
643 2469 763 2550 uenas]

248 2569 306 2611 non
321 2553 411 2614 habet
425 2553 515 2615 latum
531 2555 597 2615 data
613 2553 698 2632 plaga
715 2555 859 2623 ironiam,

247 2636 299 2702 sed
316 2646 400 2698 norat
415 2646 507 2700 tectas
521 2641 640 2719 penitus
654 2637 808 2699 medullas.

165 2831 362 2842 -————-..

229 2959 278 3009 267
297 2959 379 3010 NVT.
397 2975 444 3010 orn.
464 2976 483 3009 α
505 2955 517 3026 ss
539 2959 658 3008 sieteA
677 2957 785 3008 sieleE
803 2959 902 3022 sitente
925 2954 938 3024 ll
960 2958 1033 3009 sinet
1051 2959 1076 3008 Α

164 3027 236 3076 sinat
254 3034 298 3091 εψ
320 3023 333 3093 ΙΙ
355 3031 405 3078 269
427 3027 501 3076 haud
519 3028 666 3090 qnisquam
685 3025 720 3076 ad
738 3026 823 3076 uitam
843 3025 928 3076 facila
947 3028 1076 3077 reuocari

163 3098 255 3159 potest
271 3095 321 3144 EG
335 3095 410 3146 Voss.
430 3093 489 3157 (aed
499 3097 525 3144 in
539 3095 560 3144 θ
572 3098 665 3160 tepitur
681 3102 740 3159 post
752 3109 776 3144 a.
789 3091 864 3159 26⁶),
883 3099 960 3144 totum
977 3111 1077 3145 uersum

164 3178 209 3213 om.
227 3162 252 3211 A
282 3163 342 3213 PH.
365 3163 439 3213 haud
461 3163 606 3228 quisquam
630 3162 665 3212 ad
689 3175 803 3211 auram
826 3162 845 3212 f.
864 3177 885 3210 r.
905 3177 931 3225 p.
955 3165 986 3212 ci.
1006 3163 1077 3212 Bae.

163 3231 305 3281 aeremia
322 3233 484 3294 mispitienem
501 3232 603 3281 uocauit
620 3229 745 3294 Scaliger.
764 3232 847 3280 deleri
868 3226 880 3296 ΙΙ
903 3231 952 3279 271
972 3232 1032 3294 quis
1051 3231 1075 3280 Α

164 3299 211 3363 qni
226 3299 252 3348 E
275 3295 287 3365 Η
311 3298 456 3349 CHORVS
475 3299 500 3347 A
523 3297 671 3349 OHORUS
685 3323 692 3336 ·
708 3296 866 3348 ORESSAE
890 3297 916 3346 Ε
935 3293 947 3364 ΙΙ
967 3301 1016 3350 281
1038 3301 1076 3348 Ια-

164 3383 251 3418 minam
274 3371 288 3416 1
311 3383 335 3418 a.
357 3368 447 3416 statuit
471 3368 502 3419 tt.
521 3367 551 3416 P.
582 3362 594 3432 ΙΙ
622 3369 672 3417 282
696 3381 759 3416 aare
783 3365 874 3415 nitens
897 3366 922 3413 Α
953 3370 981 3415 et
1004 3368 1077 3415 reni·

68 3485 75 3493 ,
164 3434 231 3486 dens
248 3435 274 3484 E
296 3437 372 3486 Voaa.
394 3431 407 3500 ΙΙ
434 3436 485 3485 288
501 3433 677 3484 iaculaturA
696 3431 892 3483 moderaturE
914 3428 925 3498 ll
948 3435 1008 3483 284.
1027 3434 1077 3484 285

163 3504 189 3552 in
200 3519 279 3567 marq.
294 3507 411 3568 tepenter
426 3503 519 3564 Vitia,
538 3503 610 3552 anem
626 3503 718 3552 inclusi
734 3517 789 3550 eum
800 3499 849 3550 Bo.
868 3501 902 3562 cf.
915 3515 940 3552 u.
953 3503 1004 3548 642
1026 3495 1040 3564 [Ι
