2550 3917
165 180 215 227 xh
238 184 241 191 '
542 178 741 227 PRAEFATIO

163 343 240 397 x111⁰
255 338 422 395 conceditur.
454 338 531 408 Quod
547 338 698 413 pleniorem
714 340 796 395 huius
812 338 884 403 libri,
901 339 949 414 qui
965 357 1020 396 non
1036 343 1117 415 parui

166 424 276 479 uidetur
303 439 364 479 esse
390 424 487 497 prelii,
519 425 643 480 notitiam
669 423 789 479 nancisci
810 424 890 481 nobis
916 442 972 481 non
997 427 1116 499 contigit

166 507 245 564 ualde
261 508 394 564 dolemus.

167 640 171 647 ⁴
228 627 324 683 Restat
345 634 376 681 ut
397 627 429 682 de
451 625 610 699 uolgaribus
631 626 709 683 libris
731 627 763 683 ab
785 627 824 683 eis
840 627 968 684 adhibitis
983 628 1030 703 qni
1052 638 1118 688 autc

165 729 217 769 nos
232 712 281 769 has
299 710 453 785 tragoedias
469 712 612 767 ediderunt
627 712 747 768 breviter
762 729 938 788 exponamus.

229 809 383 871 elberti
401 810 498 887 uybi
519 810 661 885 (†1475)
682 823 807 887 excerpta
828 832 898 887 qnae
921 816 949 869 in
970 815 1118 888 Margarita

164 900 273 973 poetica
293 898 423 971 leguntur
445 898 514 955 nude
537 897 635 954 hausta
657 900 713 956 sint
733 915 789 954 non
804 907 922 955 constat.
958 900 1004 955 llsi
1020 917 1118 957 snmus

165 982 348 1049 bibliothecae
363 982 565 1057 Rehdigeranae
583 984 730 1057 exemplari
746 983 848 1040 formae
863 986 993 1041 maximae
1009 1003 1031 1040 s.
1048 1001 1072 1041 a.
1087 994 1116 1041 et

165 1068 183 1125 l.
208 1067 277 1141 (loll.
294 1066 353 1124 231
370 1084 426 1123 non
442 1084 546 1123 numer.
563 1066 663 1140 quibus
678 1066 829 1141 praemissa
845 1076 888 1124 est
905 1068 995 1125 tabula
1010 1087 1058 1128 111
1073 1068 1118 1124 io·

166 1152 202 1207 lia
223 1152 364 1226 conplexa.
400 1152 429 1207 ln
452 1168 484 1207 eo
500 1151 619 1207 Senecae
641 1160 768 1226 excerpta
789 1154 966 1210 continentur
987 1153 1035 1209 iol.
1053 1152 1113 1211 201

166 1236 219 1293 col.
239 1237 254 1292 1
273 1237 306 1293 ad
321 1236 368 1293 fol.
386 1235 447 1295 204
463 1236 515 1293 col.
533 1236 570 1308 1).

229 1344 469 1420 Palaeniypa
503 1343 746 1403 ferrariense
781 1345 1024 1422 lugdunense
1051 1360 1118 1404 ue·

164 1431 255 1491 noia
270 1428 483 1489 florentini
500 1430 599 1505 quibus
616 1448 630 1487 e
646 1431 722 1486 libris
737 1430 865 1487 fluxerint
879 1449 935 1487 non
949 1435 1036 1504 magis
1052 1448 1117 1487 cou-

166 1524 230 1573 stat.
282 1516 527 1573 Conmemorantur
551 1515 761 1571 bernardini
790 1532 825 1570 m.
852 1534 874 1572 s.
905 1525 933 1572 et
957 1516 1116 1572 banielis

165 1602 383 1659 vetustissimum
400 1600 536 1674 exemplar
551 1601 584 1657 ad
599 1602 717 1673 primum
733 1600 839 1657 berar
854 1600 977 1658 chorum.

231 1710 347 1767 Codex
372 1710 554 1766 Parisinus
580 1709 679 1767 8035
709 1710 845 1767 Pierrotio
872 1718 985 1767 auctore
1011 1717 1058 1766 aut
1084 1727 1117 1766 er

166 1794 221 1853 ed.
246 1790 276 1852 (i.
298 1791 498 1861 Fornaudi
519 1802 644 1850 exaratus
670 1802 717 1850 ant
738 1812 843 1852 summa
868 1812 934 1851 cura
954 1797 1118 1870 conpositus

166 1880 200 1937 ad
222 1882 299 1935 cuius
321 1862 458 1953 ciemplar
480 1878 562 1935 editio
578 1879 712 1935 bernandi
727 1879 956 1937 conformaretur.
985 1880 1117 1935 Praemit-

167 1972 264 2020 tuntnr
278 1966 307 2020 in
324 1971 445 2038 utroque
460 1962 531 2019 libro
547 1972 707 2038 argumenta
724 1964 757 2019 ab
772 1966 938 2040 Hieronymo
954 1963 1036 2020 balbo
1052 1980 1118 2019 con·

145 2036 238 2105 ‘licta
284 2048 380 2117 Quode
402 2048 559 2105 bernandus
586 2051 614 2105 in
637 2050 724 2123 elegia
752 2050 780 2104 in
802 2050 874 2106 calce
898 2049 1025 2103 editionis
1051 2047 1116 2102 sub·

168 2135 255 2190 iecta:
278 2134 316 2191 'le
331 2132 405 2189 balbi
421 2135 576 2189 meminisse
592 2134 671 2191 decet
686 2136 732 2208 qui
748 2134 870 2189 codice
885 2130 993 2187 multo
1009 2130 1116 2187 Collato

168 2218 238 2275 haec
258 2218 356 2275 tribuit
378 2236 490 2275 munera
512 2226 586 2275 tanta
607 2218 657 2275 libi
683 2217 729 2289 (cl.
751 2216 815 2273 bibl.
836 2214 1015 2289 lugdunensis
1037 2217 1115 2271 catal.

167 2321 195 2359 u.
206 2302 288 2360 1716
304 2319 331 2358 n.
341 2302 401 2359 375
412 2298 481 2379 [99]
498 2304 556 2360 cod.
569 2302 681 2359 membr.
698 2318 758 2357 cnm
770 2300 932 2373 quibusdam
947 2299 1059 2355 scholiis
1074 2316 1116 2354 re·

168 2386 295 2443 centibus
312 2395 340 2442 et
354 2388 480 2444 uersibus
493 2388 566 2447 Hier.
577 2387 651 2443 balbi
666 2386 802 2458 inprimis
818 2392 845 2441 et
857 2385 1006 2458 postremis
1020 2382 1117 2455 loliis).

229 2493 490 2572 Hieronymus
509 2492 697 2557 drantius
719 2501 811 2551 uetera
827 2493 991 2569 exemplaria
1007 2511 1037 2551 se
1051 2509 1117 2551 con·

169 2580 267 2637 tulisse
288 2582 382 2655 prodit
402 2590 430 2639 et
451 2577 881 2655 inprael.ed.dld.a.unxv11
902 2588 931 2635 et
950 2582 977 2635 in
999 2580 1116 2654 epistola

168 2666 216 2721 illa
237 2665 326 2721 addo.
343 2666 478 2723 llathenm
495 2664 635 2721 bibentum
657 2681 737 2738 qnam
755 2663 785 2719 L.
800 2664 963 2721 Schwabins
984 2681 1016 2720 ex
1036 2661 1069 2721 A.
1085 2667 1116 2723 A.

169 2750 325 2807 Renouardi
348 2750 418 2806 libro
444 2748 573 2805 ‘annales
599 2748 633 2805 de
659 2746 847 2823 l'imprimerie
872 2750 918 2805 des
939 2747 1021 2804 Aldes
1041 2748 1117 2804 Paris

169 2834 271 2893 1834’
297 2852 324 2909 p.
341 2834 403 2892 496
429 2833 576 2905 descripsit
600 2835 627 2888 in
650 2833 788 2905 Philologi
813 2832 870 2890 uol.
890 2848 984 2888 xx1111
1010 2850 1036 2904 p.
1053 2831 1113 2887 351

170 2920 243 2975 unde
259 2918 388 2974 docemur
404 2918 465 2974 illos
481 2916 568 2972 libros
584 2918 803 2974 Veronenses
820 2918 913 2973 luisse.

231 3015 541 3079 HenriouePetri
556 3020 584 3075 in
600 3019 756 3077 adornanda
771 3018 815 3073 ed
829 3017 1018 3075 basiliensi
1034 3015 1115 3073 1529

166 3104 239 3161 libro
263 3121 298 3159 m.
316 3122 338 3159 s.
361 3120 427 3159 usus
449 3110 491 3159 est
507 3105 585 3161 cuius
606 3104 713 3178 aliquot
727 3103 860 3160 lectiones
882 3103 910 3158 in
933 3104 1056 3175 margine
1077 3100 1116 3156 le-

166 3196 279 3263 guntur.

231 3294 423 3371 Georgius
437 3295 646 3356 Fabricius
662 3296 862 3355 Chemniccnsis
877 3294 971 3369 (editio
982 3299 1040 3353 eins
1053 3313 1116 3370 pro·

169 3382 220 3437 diit
236 3379 318 3437 1566
334 3383 467 3454 praelatio
484 3383 579 3440 eludo
594 3384 698 3440 illustri
710 3384 814 3440 biiseuo
830 3382 898 3457 prid.
910 3381 965 3439 Cal.
978 3380 1115 3456 Septemb.

167 3462 261 3535 1565)
280 3482 347 3522 usus
363 3474 405 3523 cst
427 3468 859 3543 codioebegiomontano.
886 3476 917 3525 nt
933 3469 992 3542 ipse
1007 3468 1073 3525 dicit
1088 3468 1117 3523 in
