<?xml version="1.0" encoding="UTF-8"?>
<!DOCTYPE html PUBLIC "-//W3C//DTD XHTML 1.0 Transitional//EN"
    "http://www.w3.org/TR/xhtml1/DTD/xhtml1-transitional.dtd">
<html xmlns="http://www.w3.org/1999/xhtml" xml:lang="en" lang="en">
 <head>
  <title>
</title>
<meta http-equiv="Content-Type" content="text/html;charset=utf-8" />
  <meta name='ocr-system' content='tesseract 3.04.00' />
  <meta name='ocr-capabilities' content='ocr_page ocr_carea ocr_par ocr_line ocrx_word'/>
</head>
<body>
  <div class='ocr_page' id='page_1' title='image "./lannaeisenecaet00richgoog_0466.png"; bbox 0 0 2550 3917; ppageno 0'>
   <div class='ocr_carea' id='block_1_1' title="bbox 424 204 1080 285">
    <p class='ocr_par' dir='ltr' id='par_1_1' title="bbox 424 204 1080 285">
     <span class='ocr_line' id='line_1_1' title="bbox 424 204 1080 285; baseline 0.005 -20"><span class='ocrx_word' id='word_1_1' title='bbox 424 218 606 265; x_wconf 82' lang='lat' dir='ltr'><strong>unncvuns</strong></span> <span class='ocrx_word' id='word_1_2' title='bbox 624 204 814 285; x_wconf 80' lang='lat' dir='ltr'><strong>[onrunvs]</strong></span> <span class='ocrx_word' id='word_1_3' title='bbox 1016 204 1080 269; x_wconf 84' lang='lat'><strong>413</strong></span> 
     </span>
    </p>
   </div>
   <div class='ocr_carea' id='block_1_2' title="bbox 314 356 1166 605">
    <p class='ocr_par' dir='ltr' id='par_1_2' title="bbox 314 356 1166 605">
     <span class='ocr_line' id='line_1_2' title="bbox 314 356 1166 417; baseline 0 0"><span class='ocrx_word' id='word_1_4' title='bbox 314 356 402 417; x_wconf 90' lang='lat' dir='ltr'><strong>undis</strong></span> <span class='ocrx_word' id='word_1_5' title='bbox 416 356 562 417; x_wconf 82' lang='lat' dir='ltr'><strong>stantibus</strong></span> <span class='ocrx_word' id='word_1_6' title='bbox 576 358 724 417; x_wconf 82' lang='lat' dir='ltr'><strong>inmemor</strong></span> <span class='ocrx_word' id='word_1_7' title='bbox 890 392 891 395; x_wconf 61' lang='lat'><em>=</em></span> <span class='ocrx_word' id='word_1_8' title='bbox 1101 368 1166 417; x_wconf 81' lang='lat'>1080</span> 
     </span>
     <span class='ocr_line' id='line_1_3' title="bbox 315 441 684 503; baseline 0 -1"><span class='ocrx_word' id='word_1_9' title='bbox 315 443 442 502; x_wconf 80' lang='lat' dir='ltr'><strong>excussit</strong></span> <span class='ocrx_word' id='word_1_10' title='bbox 457 441 590 502; x_wconf 83' lang='lat' dir='ltr'><strong>rabidam</strong></span> <span class='ocrx_word' id='word_1_11' title='bbox 606 443 684 503; x_wconf 86' lang='lat' dir='ltr'><strong>sitim</strong></span> 
     </span>
     <span class='ocr_line' id='line_1_4' title="bbox 314 525 746 605; baseline -0.002 -19"><span class='ocrx_word' id='word_1_12' title='bbox 314 545 370 587; x_wconf 90' lang='lat' dir='ltr'><strong>nec</strong></span> <span class='ocrx_word' id='word_1_13' title='bbox 385 528 481 605; x_wconf 90' lang='lat' dir='ltr'><strong>pomis</strong></span> <span class='ocrx_word' id='word_1_14' title='bbox 496 525 617 587; x_wconf 75' lang='lat' dir='ltr'><strong>adhibet</strong></span> <span class='ocrx_word' id='word_1_15' title='bbox 631 544 746 587; x_wconf 83' lang='lat' dir='ltr'><strong>manus.</strong></span> 
     </span>
    </p>
   </div>
   <div class='ocr_carea' id='block_1_3' title="bbox 313 660 798 995">
    <p class='ocr_par' dir='ltr' id='par_1_3' title="bbox 313 660 798 995">
     <span class='ocr_line' id='line_1_5' title="bbox 357 660 778 739; baseline 0.005 -18"><span class='ocrx_word' id='word_1_16' title='bbox 357 662 405 722; x_wconf 88' lang='lat' dir='ltr'><strong>Sic</strong></span> <span class='ocrx_word' id='word_1_17' title='bbox 421 681 487 722; x_wconf 93' lang='lat' dir='ltr'><strong>cum</strong></span> <span class='ocrx_word' id='word_1_18' title='bbox 503 660 650 739; x_wconf 74' lang='lat' dir='ltr'><strong>linqueret</strong></span> <span class='ocrx_word' id='word_1_19' title='bbox 664 661 778 723; x_wconf 82' lang='lat' dir='ltr'><strong>inferos</strong></span> 
     </span>
     <span class='ocr_line' id='line_1_6' title="bbox 314 745 798 823; baseline 0.004 -17"><span class='ocrx_word' id='word_1_20' title='bbox 314 745 450 823; x_wconf 84' lang='lat' dir='ltr'><strong>Orpheus</strong></span> <span class='ocrx_word' id='word_1_21' title='bbox 465 749 596 807; x_wconf 84' lang='lat' dir='ltr'><strong>carmine</strong></span> <span class='ocrx_word' id='word_1_22' title='bbox 612 754 798 822; x_wconf 76' lang='lat' dir='ltr'><strong>temperans,</strong></span> 
     </span>
     <span class='ocr_line' id='line_1_7' title="bbox 315 830 719 910; baseline 0.002 -20"><span class='ocrx_word' id='word_1_23' title='bbox 315 838 507 910; x_wconf 92' lang='lat' dir='ltr'><strong>cousumptos</strong></span> <span class='ocrx_word' id='word_1_24' title='bbox 522 832 629 891; x_wconf 89' lang='lat' dir='ltr'><strong>iterum</strong></span> <span class='ocrx_word' id='word_1_25' title='bbox 647 830 719 909; x_wconf 81' lang='lat' dir='ltr'><strong>dene</strong></span> 
     </span>
     <span class='ocr_line' id='line_1_8' title="bbox 313 915 784 995; baseline 0 -21"><span class='ocrx_word' id='word_1_26' title='bbox 313 915 452 994; x_wconf 88' lang='lat' dir='ltr'><strong>supplent</strong></span> <span class='ocrx_word' id='word_1_27' title='bbox 467 915 676 995; x_wconf 81' lang='lat' dir='ltr'><strong>Eurydices</strong></span> <span class='ocrx_word' id='word_1_28' title='bbox 692 915 784 976; x_wconf 91' lang='lat' dir='ltr'><strong>colus.</strong></span> 
     </span>
    </p>
   </div>
   <div class='ocr_carea' id='block_1_4' title="bbox 315 1050 827 1383">
    <p class='ocr_par' dir='ltr' id='par_1_4' title="bbox 315 1050 827 1383">
     <span class='ocr_line' id='line_1_9' title="bbox 362 1050 807 1128; baseline -0.004 -17"><span class='ocrx_word' id='word_1_29' title='bbox 362 1050 419 1111; x_wconf 88' lang='lat' dir='ltr'><strong>Sed</strong></span> <span class='ocrx_word' id='word_1_30' title='bbox 436 1050 506 1111; x_wconf 95' lang='lat' dir='ltr'><strong>dum</strong></span> <span class='ocrx_word' id='word_1_31' title='bbox 522 1052 645 1128; x_wconf 88' lang='lat' dir='ltr'><strong>respicit</strong></span> <span class='ocrx_word' id='word_1_32' title='bbox 660 1052 807 1110; x_wconf 87' lang='lat' dir='ltr'><strong>inmemor</strong></span> 
     </span>
     <span class='ocr_line' id='line_1_10' title="bbox 316 1133 748 1197; baseline 0.002 -3"><span class='ocrx_word' id='word_1_33' title='bbox 316 1152 372 1194; x_wconf 91' lang='lat' dir='ltr'><strong>nec</strong></span> <span class='ocrx_word' id='word_1_34' title='bbox 388 1136 514 1197; x_wconf 90' lang='lat' dir='ltr'><strong>credens</strong></span> <span class='ocrx_word' id='word_1_35' title='bbox 530 1135 586 1194; x_wconf 90' lang='lat' dir='ltr'><strong>sibi</strong></span> <span class='ocrx_word' id='word_1_36' title='bbox 601 1133 748 1195; x_wconf 85' lang='lat' dir='ltr'><strong>redditam</strong></span> 
     </span>
     <span class='ocr_line' id='line_1_11' title="bbox 315 1219 827 1298; baseline -0.002 -18"><span class='ocrx_word' id='word_1_37' title='bbox 315 1219 485 1297; x_wconf 87' lang='lat' dir='ltr'><strong>Orpheus</strong></span> <span class='ocrx_word' id='word_1_38' title='bbox 500 1220 713 1298; x_wconf 79' lang='lat' dir='ltr'><strong>Eurydicen</strong></span> <span class='ocrx_word' id='word_1_39' title='bbox 729 1221 827 1296; x_wconf 90' lang='lat' dir='ltr'><strong>sequi,</strong></span> 
     </span>
     <span class='ocr_line' id='line_1_12' title="bbox 318 1303 726 1383; baseline -0.002 -19"><span class='ocrx_word' id='word_1_40' title='bbox 318 1312 421 1364; x_wconf 82' lang='lat' dir='ltr'><strong>cnutus</strong></span> <span class='ocrx_word' id='word_1_41' title='bbox 436 1306 568 1383; x_wconf 82' lang='lat' dir='ltr'><strong>praemia</strong></span> <span class='ocrx_word' id='word_1_42' title='bbox 584 1303 726 1382; x_wconf 75' lang='lat' dir='ltr'><strong>perdidit,</strong></span> 
     </span>
    </p>
   </div>
   <div class='ocr_carea' id='block_1_5' title="bbox 315 1440 877 1773">
    <p class='ocr_par' dir='ltr' id='par_1_5' title="bbox 315 1440 877 1773">
     <span class='ocr_line' id='line_1_13' title="bbox 361 1440 877 1519; baseline -0.002 -19"><span class='ocrx_word' id='word_1_43' title='bbox 361 1440 462 1511; x_wconf 84' lang='lat' dir='ltr'><strong>Quae</strong></span> <span class='ocrx_word' id='word_1_44' title='bbox 478 1448 563 1500; x_wconf 84' lang='lat' dir='ltr'><strong>nata</strong></span> <span class='ocrx_word' id='word_1_45' title='bbox 580 1447 637 1500; x_wconf 90' lang='lat' dir='ltr'><strong>est</strong></span> <span class='ocrx_word' id='word_1_46' title='bbox 653 1441 773 1511; x_wconf 88' lang='lat' dir='ltr'><strong>iterum,</strong></span> <span class='ocrx_word' id='word_1_47' title='bbox 790 1441 877 1519; x_wconf 89' lang='lat' dir='ltr'><strong>perit.</strong></span> 
     </span>
     <span class='ocr_line' id='line_1_14' title="bbox 315 1523 697 1585; baseline -0.003 -1"><span class='ocrx_word' id='word_1_48' title='bbox 315 1532 386 1584; x_wconf 92' lang='lat' dir='ltr'><strong>tuuc</strong></span> <span class='ocrx_word' id='word_1_49' title='bbox 401 1524 544 1585; x_wconf 81' lang='lat' dir='ltr'><strong>solumina</strong></span> <span class='ocrx_word' id='word_1_50' title='bbox 560 1523 697 1584; x_wconf 87' lang='lat' dir='ltr'><strong>centibus</strong></span> 
     </span>
     <span class='ocr_line' id='line_1_15' title="bbox 316 1608 735 1686; baseline -0.002 -18"><span class='ocrx_word' id='word_1_51' title='bbox 316 1626 461 1686; x_wconf 83' lang='lat' dir='ltr'><strong>quaereus</strong></span> <span class='ocrx_word' id='word_1_52' title='bbox 476 1608 624 1669; x_wconf 86' lang='lat' dir='ltr'><strong>flebilibus</strong></span> <span class='ocrx_word' id='word_1_53' title='bbox 640 1608 735 1668; x_wconf 91' lang='lat' dir='ltr'><strong>modis</strong></span> 
     </span>
     <span class='ocr_line' id='line_1_16' title="bbox 316 1692 818 1773; baseline 0.004 -22"><span class='ocrx_word' id='word_1_54' title='bbox 316 1692 389 1754; x_wconf 83' lang='lat' dir='ltr'><strong>haec</strong></span> <span class='ocrx_word' id='word_1_55' title='bbox 406 1692 583 1773; x_wconf 88' lang='lat' dir='ltr'><strong>Orpheus</strong></span> <span class='ocrx_word' id='word_1_56' title='bbox 599 1694 706 1753; x_wconf 84' lang='lat' dir='ltr'><strong>cecinit</strong></span> <span class='ocrx_word' id='word_1_57' title='bbox 722 1693 818 1754; x_wconf 87' lang='lat' dir='ltr'><strong>Getis:</strong></span> 
     </span>
    </p>
   </div>
   <div class='ocr_carea' id='block_1_6' title="bbox 316 1828 739 2159">
    <p class='ocr_par' dir='ltr' id='par_1_6' title="bbox 316 1828 739 2159">
     <span class='ocr_line' id='line_1_17' title="bbox 358 1828 739 1907; baseline -0.003 -19"><span class='ocrx_word' id='word_1_58' title='bbox 358 1828 453 1907; x_wconf 81' lang='lat' dir='ltr'><strong>Leges</strong></span> <span class='ocrx_word' id='word_1_59' title='bbox 468 1830 497 1888; x_wconf 91' lang='lat' dir='ltr'><strong>in</strong></span> <span class='ocrx_word' id='word_1_60' title='bbox 514 1846 640 1906; x_wconf 88' lang='lat' dir='ltr'><strong>superos</strong></span> <span class='ocrx_word' id='word_1_61' title='bbox 656 1828 739 1888; x_wconf 83' lang='lat' dir='ltr'><strong>datas</strong></span> 
     </span>
     <span class='ocr_line' id='line_1_18' title="bbox 316 1913 713 1992; baseline 0 -20"><span class='ocrx_word' id='word_1_62' title='bbox 316 1915 409 1991; x_wconf 92' lang='lat' dir='ltr'><strong>etqui</strong></span> <span class='ocrx_word' id='word_1_63' title='bbox 425 1919 559 1992; x_wconf 82' lang='lat' dir='ltr'><strong>tempore</strong></span> <span class='ocrx_word' id='word_1_64' title='bbox 576 1913 713 1991; x_wconf 82' lang='lat' dir='ltr'><strong>digerens</strong></span> 
     </span>
     <span class='ocr_line' id='line_1_19' title="bbox 317 1997 708 2077; baseline -0.003 -20"><span class='ocrx_word' id='word_1_65' title='bbox 317 2006 434 2076; x_wconf 88' lang='lat' dir='ltr'><strong>quattor</strong></span> <span class='ocrx_word' id='word_1_66' title='bbox 449 1999 619 2077; x_wconf 84' lang='lat' dir='ltr'><strong>praecipitis</strong></span> <span class='ocrx_word' id='word_1_67' title='bbox 635 1997 708 2057; x_wconf 91' lang='lat' dir='ltr'><strong>deus</strong></span> 
     </span>
     <span class='ocr_line' id='line_1_20' title="bbox 316 2081 658 2159; baseline -0.003 -17"><span class='ocrx_word' id='word_1_68' title='bbox 316 2084 384 2142; x_wconf 85' lang='lat' dir='ltr'><strong>anni</strong></span> <span class='ocrx_word' id='word_1_69' title='bbox 400 2081 543 2159; x_wconf 90' lang='lat' dir='ltr'><strong>disposuit</strong></span> <span class='ocrx_word' id='word_1_70' title='bbox 561 2083 658 2142; x_wconf 87' lang='lat' dir='ltr'><strong>uicos:</strong></span> 
     </span>
    </p>
   </div>
   <div class='ocr_carea' id='block_1_7' title="bbox 315 2384 709 2531">
    <p class='ocr_par' dir='ltr' id='par_1_7' title="bbox 315 2384 709 2531">
     <span class='ocr_line' id='line_1_21' title="bbox 315 2384 654 2446; baseline 0.003 -2"><span class='ocrx_word' id='word_1_71' title='bbox 315 2384 388 2445; x_wconf 93' lang='lat' dir='ltr'><strong>nulli</strong></span> <span class='ocrx_word' id='word_1_72' title='bbox 403 2405 461 2445; x_wconf 93' lang='lat' dir='ltr'><strong>uon</strong></span> <span class='ocrx_word' id='word_1_73' title='bbox 478 2387 555 2445; x_wconf 83' lang='lat' dir='ltr'><strong>auidi</strong></span> <span class='ocrx_word' id='word_1_74' title='bbox 571 2386 654 2446; x_wconf 90' lang='lat' dir='ltr'><strong>colus</strong></span> 
     </span>
     <span class='ocr_line' id='line_1_22' title="bbox 315 2471 709 2531; baseline 0.003 -2"><span class='ocrx_word' id='word_1_75' title='bbox 315 2471 425 2531; x_wconf 82' lang='lat' dir='ltr'><strong>Parcus</strong></span> <span class='ocrx_word' id='word_1_76' title='bbox 439 2473 563 2530; x_wconf 79' lang='lat' dir='ltr'><strong>simulne</strong></span> <span class='ocrx_word' id='word_1_77' title='bbox 578 2480 709 2530; x_wconf 86' lang='lat' dir='ltr'><strong>nectere.</strong></span> 
     </span>
    </p>
   </div>
   <div class='ocr_carea' id='block_1_8' title="bbox 162 2621 1083 3571">
    <p class='ocr_par' dir='ltr' id='par_1_8' title="bbox 162 2621 1083 3571">
     <span class='ocr_line' id='line_1_23' title="bbox 231 2621 1082 2692; baseline 0 -17"><span class='ocrx_word' id='word_1_78' title='bbox 231 2625 296 2675; x_wconf 93' lang='grc'>1081</span> <span class='ocrx_word' id='word_1_79' title='bbox 315 2622 447 2673; x_wconf 79' lang='lat' dir='ltr'><strong>Excessit</strong></span> <span class='ocrx_word' id='word_1_80' title='bbox 464 2622 490 2671; x_wconf 85' lang='lat' dir='ltr'><strong>E</strong></span> <span class='ocrx_word' id='word_1_81' title='bbox 516 2623 648 2672; x_wconf 82' lang='lat' dir='ltr'><strong>Excussit</strong></span> <span class='ocrx_word' id='word_1_82' title='bbox 666 2623 691 2672; x_wconf 99' lang='lat' dir='ltr'><em>A</em></span> <span class='ocrx_word' id='word_1_83' title='bbox 719 2622 854 2672; x_wconf 82' lang='lat' dir='ltr'><strong>Exclusit</strong></span> <span class='ocrx_word' id='word_1_84' title='bbox 872 2624 948 2674; x_wconf 85' lang='lat' dir='ltr'><strong>NHs.</strong></span> <span class='ocrx_word' id='word_1_85' title='bbox 973 2621 985 2692; x_wconf 74' lang='lat' dir='ltr'><strong>ll</strong></span> <span class='ocrx_word' id='word_1_86' title='bbox 1008 2626 1082 2675; x_wconf 84' lang='lat' dir='ltr'><strong>rabi-</strong></span> 
     </span>
     <span class='ocr_line' id='line_1_24' title="bbox 162 2686 1083 2755; baseline 0 -14"><span class='ocrx_word' id='word_1_87' title='bbox 162 2693 226 2743; x_wconf 84' lang='lat' dir='ltr'><strong>dem</strong></span> <span class='ocrx_word' id='word_1_88' title='bbox 244 2691 305 2742; x_wconf 89' lang='grc' dir='ltr'><strong>ΕΑ</strong></span> <span class='ocrx_word' id='word_1_89' title='bbox 329 2690 455 2755; x_wconf 80' lang='lat' dir='ltr'><strong>rapidam</strong></span> <span class='ocrx_word' id='word_1_90' title='bbox 471 2697 495 2753; x_wconf 78' lang='grc' dir='ltr'><strong><em>ψ</em></strong></span> <span class='ocrx_word' id='word_1_91' title='bbox 514 2686 525 2755; x_wconf 77' lang='lat' dir='ltr'><strong>ll</strong></span> <span class='ocrx_word' id='word_1_92' title='bbox 543 2691 609 2741; x_wconf 87' lang='grc'>1088</span> <span class='ocrx_word' id='word_1_93' title='bbox 628 2689 674 2738; x_wconf 83' lang='lat' dir='ltr'><strong>Sic</strong></span> <span class='ocrx_word' id='word_1_94' title='bbox 694 2705 755 2739; x_wconf 91' lang='lat' dir='ltr'><strong>cum</strong></span> <span class='ocrx_word' id='word_1_95' title='bbox 773 2690 916 2755; x_wconf 86' lang='lat' dir='ltr'><strong>inquirens</strong></span> <span class='ocrx_word' id='word_1_96' title='bbox 934 2692 1040 2741; x_wconf 84' lang='lat' dir='ltr'><strong>inferos</strong></span> <span class='ocrx_word' id='word_1_97' title='bbox 1057 2694 1083 2741; x_wconf 87' lang='lat' dir='ltr'><strong>E</strong></span> 
     </span>
     <span class='ocr_line' id='line_1_25' title="bbox 163 2754 1083 2825; baseline 0 -15"><span class='ocrx_word' id='word_1_98' title='bbox 163 2760 217 2810; x_wconf 85' lang='lat' dir='ltr'><strong>Sed</strong></span> <span class='ocrx_word' id='word_1_99' title='bbox 234 2774 295 2809; x_wconf 88' lang='lat' dir='ltr'><strong>oum</strong></span> <span class='ocrx_word' id='word_1_100' title='bbox 313 2759 452 2821; x_wconf 83' lang='lat' dir='ltr'><strong>linqueret</strong></span> <span class='ocrx_word' id='word_1_101' title='bbox 469 2757 575 2808; x_wconf 80' lang='lat' dir='ltr'><strong>inferos</strong></span> <span class='ocrx_word' id='word_1_102' title='bbox 593 2758 618 2806; x_wconf 87' lang='lat' dir='ltr'><em>A</em></span> <span class='ocrx_word' id='word_1_103' title='bbox 638 2758 724 2819; x_wconf 76' lang='lat' dir='ltr'><strong>Quin</strong></span> <span class='ocrx_word' id='word_1_104' title='bbox 743 2774 803 2807; x_wconf 92' lang='lat' dir='ltr'><strong>cum</strong></span> <span class='ocrx_word' id='word_1_105' title='bbox 822 2758 899 2808; x_wconf 87' lang='lat' dir='ltr'><strong>NHs.</strong></span> <span class='ocrx_word' id='word_1_106' title='bbox 911 2754 924 2825; x_wconf 82' lang='grc' dir='ltr'>Η</span> <span class='ocrx_word' id='word_1_107' title='bbox 937 2760 1003 2809; x_wconf 85' lang='grc'>1084</span> <span class='ocrx_word' id='word_1_108' title='bbox 1020 2761 1083 2809; x_wconf 88' lang='lat' dir='ltr'><strong>fun·</strong></span> 
     </span>
     <span class='ocr_line' id='line_1_26' title="bbox 163 2825 1083 2878; baseline 0.001 -1"><span class='ocrx_word' id='word_1_109' title='bbox 163 2828 241 2877; x_wconf 87' lang='lat' dir='ltr'><strong>deret</strong></span> <span class='ocrx_word' id='word_1_110' title='bbox 260 2826 285 2874; x_wconf 91' lang='grc' dir='ltr'><em>Ε</em></span> <span class='ocrx_word' id='word_1_111' title='bbox 306 2826 425 2875; x_wconf 82' lang='lat' dir='ltr'><strong>fundens</strong></span> <span class='ocrx_word' id='word_1_112' title='bbox 443 2825 468 2872; x_wconf 84' lang='lat' dir='ltr'><em>A</em></span> <span class='ocrx_word' id='word_1_113' title='bbox 496 2825 665 2875; x_wconf 83' lang='lat' dir='ltr'><strong>funditans</strong></span> <span class='ocrx_word' id='word_1_114' title='bbox 685 2826 763 2876; x_wconf 80' lang='lat' dir='ltr'><strong>(iren.</strong></span> <span class='ocrx_word' id='word_1_115' title='bbox 788 2826 933 2877; x_wconf 89' lang='lat' dir='ltr'><strong>diuidens</strong></span> <span class='ocrx_word' id='word_1_116' title='bbox 951 2826 1083 2878; x_wconf 84' lang='lat' dir='ltr'><strong>Bentleins</strong></span> 
     </span>
     <span class='ocr_line' id='line_1_27' title="bbox 164 2894 1081 2959; baseline -0.001 -14"><span class='ocrx_word' id='word_1_117' title='bbox 164 2896 289 2945; x_wconf 77' lang='lat' dir='ltr'><strong>carmina</strong></span> <span class='ocrx_word' id='word_1_118' title='bbox 312 2898 512 2956; x_wconf 83' lang='lat' dir='ltr'><strong>temperans</strong></span> <span class='ocrx_word' id='word_1_119' title='bbox 533 2895 629 2957; x_wconf 82' lang='lat' dir='ltr'><strong>repetii</strong></span> <span class='ocrx_word' id='word_1_120' title='bbox 651 2908 686 2943; x_wconf 71' lang='lat' dir='ltr'><strong>ece</strong></span> <span class='ocrx_word' id='word_1_121' title='bbox 703 2894 792 2943; x_wconf 84' lang='lat' dir='ltr'><strong>Boetii</strong></span> <span class='ocrx_word' id='word_1_122' title='bbox 808 2897 824 2945; x_wconf 86' lang='grc' dir='ltr'><strong>ἱ.</strong></span> <span class='ocrx_word' id='word_1_123' title='bbox 838 2894 892 2943; x_wconf 93' lang='lat' dir='ltr'><strong>III</strong></span> <span class='ocrx_word' id='word_1_124' title='bbox 908 2910 930 2943; x_wconf 81' lang='lat' dir='ltr'><strong>e.</strong></span> <span class='ocrx_word' id='word_1_125' title='bbox 945 2898 991 2954; x_wconf 87' lang='lat'><strong>12,</strong></span> <span class='ocrx_word' id='word_1_126' title='bbox 1006 2898 1048 2945; x_wconf 88' lang='lat'><strong>21.</strong></span> <span class='ocrx_word' id='word_1_127' title='bbox 1069 2896 1081 2959; x_wconf 85' lang='grc' dir='ltr'><strong>ΙΙ</strong></span> 
     </span>
     <span class='ocr_line' id='line_1_28' title="bbox 164 2958 1081 3027; baseline 0 -14"><span class='ocrx_word' id='word_1_128' title='bbox 164 2964 228 3013; x_wconf 80' lang='grc'>1087</span> <span class='ocrx_word' id='word_1_129' title='bbox 249 2961 434 3025; x_wconf 71' lang='lat' dir='ltr'><strong>consumptos</strong></span> <span class='ocrx_word' id='word_1_130' title='bbox 451 2959 477 3009; x_wconf 85' lang='lat' dir='ltr'><strong>E</strong></span> <span class='ocrx_word' id='word_1_131' title='bbox 495 2958 680 3025; x_wconf 82' lang='lat' dir='ltr'><strong>Consumptes</strong></span> <span class='ocrx_word' id='word_1_132' title='bbox 693 2962 718 3011; x_wconf 99' lang='lat' dir='ltr'><em>A</em></span> <span class='ocrx_word' id='word_1_133' title='bbox 730 2958 742 3027; x_wconf 77' lang='lat' dir='ltr'><strong>ll</strong></span> <span class='ocrx_word' id='word_1_134' title='bbox 756 2962 821 3012; x_wconf 88' lang='grc'>1089</span> <span class='ocrx_word' id='word_1_135' title='bbox 840 2961 894 3011; x_wconf 77' lang='lat' dir='ltr'><strong>Sed</strong></span> <span class='ocrx_word' id='word_1_136' title='bbox 913 2963 953 3013; x_wconf 90' lang='grc' dir='ltr'><strong>εΑ</strong></span> <span class='ocrx_word' id='word_1_137' title='bbox 972 2962 1009 3011; x_wconf 90' lang='lat' dir='ltr'><strong>Et</strong></span> <span class='ocrx_word' id='word_1_138' title='bbox 1025 2964 1050 3013; x_wconf 86' lang='lat' dir='ltr'><em>R</em></span> <span class='ocrx_word' id='word_1_139' title='bbox 1068 2964 1081 3027; x_wconf 86' lang='grc' dir='ltr'><strong>ΙΙ</strong></span> 
     </span>
     <span class='ocr_line' id='line_1_29' title="bbox 164 3024 1083 3092; baseline 0 -13"><span class='ocrx_word' id='word_1_140' title='bbox 164 3033 230 3081; x_wconf 92' lang='grc'>1090</span> <span class='ocrx_word' id='word_1_141' title='bbox 251 3029 311 3078; x_wconf 86' lang='lat' dir='ltr'><strong>Neo</strong></span> <span class='ocrx_word' id='word_1_142' title='bbox 331 3029 371 3078; x_wconf 86' lang='grc' dir='ltr'><strong>εΑ</strong></span> <span class='ocrx_word' id='word_1_143' title='bbox 401 3028 503 3077; x_wconf 85' lang='lat' dir='ltr'><strong>NonR</strong></span> <span class='ocrx_word' id='word_1_144' title='bbox 525 3024 537 3092; x_wconf 87' lang='grc' dir='ltr'><strong>ΙΙ</strong></span> <span class='ocrx_word' id='word_1_145' title='bbox 563 3030 628 3078; x_wconf 86' lang='grc'>1093</span> <span class='ocrx_word' id='word_1_146' title='bbox 651 3028 777 3089; x_wconf 78' lang='lat' dir='ltr'><strong>Quonam</strong></span> <span class='ocrx_word' id='word_1_147' title='bbox 796 3033 839 3079; x_wconf 86' lang='lat' dir='ltr'><strong>est</strong></span> <span class='ocrx_word' id='word_1_148' title='bbox 861 3030 887 3078; x_wconf 86' lang='lat' dir='ltr'><strong>E</strong></span> <span class='ocrx_word' id='word_1_149' title='bbox 917 3031 996 3091; x_wconf 82' lang='lat' dir='ltr'><strong>Quae</strong></span> <span class='ocrx_word' id='word_1_150' title='bbox 1014 3034 1083 3079; x_wconf 83' lang='lat' dir='ltr'><strong>neta</strong></span> 
     </span>
     <span class='ocr_line' id='line_1_30' title="bbox 164 3093 1083 3164; baseline 0 -17"><span class='ocrx_word' id='word_1_151' title='bbox 164 3102 207 3147; x_wconf 82' lang='lat' dir='ltr'><strong>est</strong></span> <span class='ocrx_word' id='word_1_152' title='bbox 224 3098 249 3146; x_wconf 92' lang='lat' dir='ltr'><em>A</em></span> <span class='ocrx_word' id='word_1_153' title='bbox 262 3093 275 3163; x_wconf 84' lang='grc' dir='ltr'><strong>ΙΙ</strong></span> <span class='ocrx_word' id='word_1_154' title='bbox 288 3098 355 3147; x_wconf 86' lang='grc'>1094</span> <span class='ocrx_word' id='word_1_155' title='bbox 372 3096 451 3144; x_wconf 85' lang='lat' dir='ltr'><strong>Tunc</strong></span> <span class='ocrx_word' id='word_1_156' title='bbox 468 3112 490 3145; x_wconf 86' lang='grc' dir='ltr'><strong>ω</strong></span> <span class='ocrx_word' id='word_1_157' title='bbox 509 3096 583 3144; x_wconf 90' lang='lat' dir='ltr'><strong>Tum</strong></span> <span class='ocrx_word' id='word_1_158' title='bbox 600 3095 651 3145; x_wconf 90' lang='lat' dir='ltr'><strong>Bo.</strong></span> <span class='ocrx_word' id='word_1_159' title='bbox 665 3093 676 3160; x_wconf 83' lang='grc' dir='ltr'><strong>ΙΙ</strong></span> <span class='ocrx_word' id='word_1_160' title='bbox 690 3097 754 3146; x_wconf 87' lang='grc'>1096</span> <span class='ocrx_word' id='word_1_161' title='bbox 773 3097 838 3146; x_wconf 83' lang='lat' dir='ltr'><strong>Has</strong></span> <span class='ocrx_word' id='word_1_162' title='bbox 862 3098 940 3147; x_wconf 78' lang='lat' dir='ltr'><strong>thn.</strong></span> <span class='ocrx_word' id='word_1_163' title='bbox 954 3093 966 3164; x_wconf 81' lang='grc' dir='ltr'><strong>ΙΙ</strong></span> <span class='ocrx_word' id='word_1_164' title='bbox 984 3099 1083 3147; x_wconf 90' lang='grc'>1098-</span> 
     </span>
     <span class='ocr_line' id='line_1_31' title="bbox 165 3162 1083 3229; baseline -0.001 -15"><span class='ocrx_word' id='word_1_165' title='bbox 165 3167 230 3217; x_wconf 89' lang='grc'>1100</span> <span class='ocrx_word' id='word_1_166' title='bbox 250 3162 299 3227; x_wconf 87' lang='lat' dir='ltr'><strong>(Et</strong></span> <span class='ocrx_word' id='word_1_167' title='bbox 312 3163 359 3229; x_wconf 90' lang='lat' dir='ltr'><strong>qui</strong></span> <span class='ocrx_word' id='word_1_168' title='bbox 371 3190 403 3196; x_wconf 90' lang='lat'>—</span> <span class='ocrx_word' id='word_1_169' title='bbox 415 3162 505 3227; x_wconf 86' lang='lat' dir='ltr'><strong>uices)</strong></span> <span class='ocrx_word' id='word_1_170' title='bbox 525 3164 675 3228; x_wconf 80' lang='lat' dir='ltr'><strong>Rutperciue</strong></span> <span class='ocrx_word' id='word_1_171' title='bbox 692 3168 898 3227; x_wconf 82' lang='lat' dir='ltr'><strong>transponendus</strong></span> <span class='ocrx_word' id='word_1_172' title='bbox 916 3167 1013 3214; x_wconf 83' lang='lat' dir='ltr'><strong>censuit</strong></span> <span class='ocrx_word' id='word_1_173' title='bbox 1022 3172 1083 3229; x_wconf 82' lang='lat' dir='ltr'><strong>poet</strong></span> 
     </span>
     <span class='ocr_line' id='line_1_32' title="bbox 163 3228 1082 3297; baseline 0.002 -17"><span class='ocrx_word' id='word_1_174' title='bbox 163 3250 188 3281; x_wconf 86' lang='lat' dir='ltr'><strong>n.</strong></span> <span class='ocrx_word' id='word_1_175' title='bbox 203 3235 269 3283; x_wconf 85' lang='lat'><strong>1113</strong></span> <span class='ocrx_word' id='word_1_176' title='bbox 285 3232 412 3296; x_wconf 79' lang='lat' dir='ltr'><strong>probante</strong></span> <span class='ocrx_word' id='word_1_177' title='bbox 431 3237 456 3279; x_wconf 82' lang='lat' dir='ltr'><strong>et</strong></span> <span class='ocrx_word' id='word_1_178' title='bbox 476 3231 554 3281; x_wconf 84' lang='lat' dir='ltr'><strong>Gron.</strong></span> <span class='ocrx_word' id='word_1_179' title='bbox 578 3238 604 3280; x_wconf 89' lang='lat' dir='ltr'><strong>et</strong></span> <span class='ocrx_word' id='word_1_180' title='bbox 627 3232 707 3284; x_wconf 78' lang='lat' dir='ltr'><strong>With.</strong></span> <span class='ocrx_word' id='word_1_181' title='bbox 726 3239 752 3280; x_wconf 85' lang='lat' dir='ltr'><strong>et</strong></span> <span class='ocrx_word' id='word_1_182' title='bbox 772 3232 816 3281; x_wconf 76' lang='lat' dir='ltr'><strong>Gli</strong></span> <span class='ocrx_word' id='word_1_183' title='bbox 839 3228 851 3297; x_wconf 78' lang='lat' dir='ltr'><strong>ll</strong></span> <span class='ocrx_word' id='word_1_184' title='bbox 876 3235 942 3284; x_wconf 90' lang='grc'>1098</span> <span class='ocrx_word' id='word_1_185' title='bbox 960 3234 1007 3281; x_wconf 88' lang='lat' dir='ltr'><strong>Ex</strong></span> <span class='ocrx_word' id='word_1_186' title='bbox 1026 3248 1082 3297; x_wconf 89' lang='lat' dir='ltr'><strong>quo</strong></span> 
     </span>
     <span class='ocr_line' id='line_1_33' title="bbox 163 3295 1082 3364; baseline 0.004 -17"><span class='ocrx_word' id='word_1_187' title='bbox 163 3297 239 3360; x_wconf 83' lang='lat' dir='ltr'><strong>Bo.·ll</strong></span> <span class='ocrx_word' id='word_1_188' title='bbox 251 3299 355 3364; x_wconf 83' lang='lat' dir='ltr'><strong>digerit</strong></span> <span class='ocrx_word' id='word_1_189' title='bbox 371 3299 397 3347; x_wconf 95' lang='grc' dir='ltr'><em>Ε</em></span> <span class='ocrx_word' id='word_1_190' title='bbox 414 3298 544 3362; x_wconf 83' lang='lat' dir='ltr'><strong>digerens</strong></span> <span class='ocrx_word' id='word_1_191' title='bbox 562 3299 586 3346; x_wconf 93' lang='lat' dir='ltr'><em>A</em></span> <span class='ocrx_word' id='word_1_192' title='bbox 604 3295 615 3364; x_wconf 80' lang='grc' dir='ltr'><strong>ΙΙ</strong></span> <span class='ocrx_word' id='word_1_193' title='bbox 632 3301 698 3349; x_wconf 92' lang='grc'>1099</span> <span class='ocrx_word' id='word_1_194' title='bbox 717 3300 854 3361; x_wconf 79' lang='lat' dir='ltr'><strong>Quattuor</strong></span> <span class='ocrx_word' id='word_1_195' title='bbox 871 3300 898 3349; x_wconf 94' lang='grc' dir='ltr'><em>Ε</em></span> <span class='ocrx_word' id='word_1_196' title='bbox 915 3300 1041 3361; x_wconf 73' lang='lat' dir='ltr'><strong>Quattuor</strong></span> <span class='ocrx_word' id='word_1_197' title='bbox 1057 3302 1082 3351; x_wconf 93' lang='lat' dir='ltr'><em>A</em></span> 
     </span>
     <span class='ocr_line' id='line_1_34' title="bbox 165 3362 1082 3433; baseline 0 -16"><span class='ocrx_word' id='word_1_198' title='bbox 165 3366 288 3417; x_wconf 78' lang='lat' dir='ltr'><strong>Certus</strong></span> <span class='ocrx_word' id='word_1_199' title='bbox 312 3368 390 3417; x_wconf 81' lang='lat' dir='ltr'><strong>Witlr.</strong></span> <span class='ocrx_word' id='word_1_200' title='bbox 404 3362 416 3431; x_wconf 72' lang='lat' dir='ltr'><strong>ll</strong></span> <span class='ocrx_word' id='word_1_201' title='bbox 428 3366 596 3430; x_wconf 76' lang='lat' dir='ltr'><strong>praecipites</strong></span> <span class='ocrx_word' id='word_1_202' title='bbox 613 3367 640 3415; x_wconf 89' lang='grc' dir='ltr'><em>Ε</em></span> <span class='ocrx_word' id='word_1_203' title='bbox 658 3368 821 3432; x_wconf 84' lang='lat' dir='ltr'><strong>praecipitis</strong></span> <span class='ocrx_word' id='word_1_204' title='bbox 840 3365 960 3433; x_wconf 76' lang='lat' dir='ltr'><strong>Allante</strong></span> <span class='ocrx_word' id='word_1_205' title='bbox 979 3386 1002 3417; x_wconf 84' lang='lat' dir='ltr'><strong>u.</strong></span> <span class='ocrx_word' id='word_1_206' title='bbox 1018 3369 1082 3418; x_wconf 91' lang='grc'>1101</span> 
     </span>
     <span class='ocr_line' id='line_1_35' title="bbox 165 3430 1082 3500; baseline 0.003 -17"><span class='ocrx_word' id='word_1_207' title='bbox 165 3437 214 3486; x_wconf 88' lang='lat' dir='ltr'><strong>dno</strong></span> <span class='ocrx_word' id='word_1_208' title='bbox 236 3437 357 3485; x_wconf 82' lang='lat' dir='ltr'><strong>uersiculi</strong></span> <span class='ocrx_word' id='word_1_209' title='bbox 379 3436 565 3484; x_wconf 81' lang='lat' dir='ltr'><strong>interciderunt</strong></span> <span class='ocrx_word' id='word_1_210' title='bbox 593 3430 605 3500; x_wconf 86' lang='grc' dir='ltr'><strong>ΙΙ</strong></span> <span class='ocrx_word' id='word_1_211' title='bbox 641 3436 705 3484; x_wconf 92' lang='grc'>1101</span> <span class='ocrx_word' id='word_1_212' title='bbox 731 3435 807 3485; x_wconf 79' lang='lat' dir='ltr'><strong>auidi</strong></span> <span class='ocrx_word' id='word_1_213' title='bbox 831 3436 907 3486; x_wconf 88' lang='lat' dir='ltr'><strong>colus</strong></span> <span class='ocrx_word' id='word_1_214' title='bbox 929 3436 955 3485; x_wconf 93' lang='grc' dir='ltr'><em>Ε</em></span> <span class='ocrx_word' id='word_1_215' title='bbox 985 3436 1082 3486; x_wconf 72' lang='lat' dir='ltr'><strong>suido·</strong></span> 
     </span>
     <span class='ocr_line' id='line_1_36' title="bbox 166 3498 982 3571; baseline 0.002 -20"><span class='ocrx_word' id='word_1_216' title='bbox 166 3503 225 3553; x_wconf 90' lang='lat' dir='ltr'><strong>colo</strong></span> <span class='ocrx_word' id='word_1_217' title='bbox 243 3504 268 3554; x_wconf 91' lang='lat' dir='ltr'><em>A</em></span> <span class='ocrx_word' id='word_1_218' title='bbox 290 3502 388 3552; x_wconf 80' lang='lat' dir='ltr'><strong>suidas</strong></span> <span class='ocrx_word' id='word_1_219' title='bbox 406 3501 469 3566; x_wconf 95' lang='lat' dir='ltr'><strong>polo</strong></span> <span class='ocrx_word' id='word_1_220' title='bbox 487 3498 613 3569; x_wconf 70' lang='lat' dir='ltr'><strong>plllldt</strong></span> <span class='ocrx_word' id='word_1_221' title='bbox 631 3504 736 3554; x_wconf 78' lang='lat' dir='ltr'><strong>Parent</strong></span> <span class='ocrx_word' id='word_1_222' title='bbox 754 3504 779 3553; x_wconf 92' lang='grc' dir='ltr'><em>Ε</em></span> <span class='ocrx_word' id='word_1_223' title='bbox 797 3504 902 3555; x_wconf 80' lang='lat' dir='ltr'><strong>Parcus</strong></span> <span class='ocrx_word' id='word_1_224' title='bbox 921 3505 945 3553; x_wconf 91' lang='lat' dir='ltr'><em>A</em></span> <span class='ocrx_word' id='word_1_225' title='bbox 970 3500 982 3571; x_wconf 74' lang='lat' dir='ltr'><strong>ll</strong></span> 
     </span>
    </p>
   </div>
   <div class='ocr_carea' id='block_1_9' title="bbox 0 0 1284 3917">
    <p class='ocr_par' dir='ltr' id='par_1_9' title="bbox 0 0 1284 3917">
     <span class='ocr_line' id='line_1_37' title="bbox 0 0 1284 3917; baseline 0 0"><span class='ocrx_word' id='word_1_226' title='bbox 0 0 1284 3917; x_wconf 95' lang='lat' dir='ltr'><strong> </strong></span> 
     </span>
    </p>
   </div>
  </div>
 </body>
</html>
