2550 3917
204 200 268 266 382
592 215 735 264 rnouarr

205 356 275 416 dum
291 357 492 430 nartiliago,
509 357 570 414 uim
586 357 681 434 stupri
697 372 780 432 passa
797 355 906 416 excidit

204 439 374 518 nullamque
391 441 499 500 amoris
515 441 622 500 retinet
637 439 769 500 herculei
785 446 894 499 notam,

204 524 332 585 referam
348 525 417 604 quid
434 523 523 585 alias?
547 543 655 602 nempe
671 524 851 603 Thespiades
866 534 974 585 uacant

205 607 351 688 breuique
366 610 395 667 in
412 607 477 668 illas
493 609 565 670 arsit
579 608 697 670 Alcides
713 609 786 670 lace.

205 693 313 771 hospes
328 691 435 752 Timoli
450 692 558 772 lydiam
574 693 649 754 louit
663 711 772 754 nurum

205 786 233 837 et
248 794 349 838 amore
365 785 472 855 captus,
484 777 519 837 ad
536 776 618 838 leues
634 779 710 838 sedit
725 777 806 838 colos

204 863 295 920 udum
312 861 404 922 feroci
419 869 532 922 stamen
549 863 724 939 intorquens
738 879 836 922 manu.

205 962 312 1022 nempe
326 943 375 1004 illa
392 947 493 1007 ceruix
508 945 600 1024 spolia
617 947 752 1026 deposuit
767 946 848 1007 lerae

207 1031 378 1107 crinemque
394 1032 480 1090 mitra
496 1033 603 1109 pressit
619 1038 649 1090 ct
663 1029 790 1090 lamulus
805 1032 884 1093 stetit

203 1113 311 1174 hirtam
327 1114 433 1175 sabaea
449 1115 598 1178 marcidus
614 1116 735 1195 myrrha
751 1134 877 1177 comam.

202 1197 311 1277 ubique
327 1198 429 1265 caluit.
447 1200 497 1259 sed
514 1199 574 1260 leui
590 1199 679 1260 caluit
695 1199 774 1270 lace,

201 1281 327 1344 haerere
343 1292 475 1344 amantes
490 1293 556 1362 post
572 1303 664 1361 uagos
678 1286 762 1362 ignes
777 1284 882 1353 solent.

201 1366 379 1428 famulumne
396 1376 425 1428 et
440 1369 532 1428 hostis
547 1369 696 1445 praeferet
711 1376 808 1429 natam
823 1369 896 1429 tihi?

113 1529 114 1533 Ἰ
200 1463 320 1512 omnir.
338 1461 369 1513 ut
384 1451 440 1512 alta
456 1451 546 1513 siluas
562 1454 656 1513 forma
672 1462 832 1514 uernantes
848 1453 936 1514 habet

202 1553 275 1614 quas
292 1554 414 1597 nemore
429 1537 509 1598 nudo
524 1538 640 1614 primus
655 1539 774 1598 inuestit
789 1546 883 1617 tepor,

201 1626 231 1679 at
246 1638 313 1682 curn
330 1620 441 1681 solutos
457 1620 569 1699 expulit
583 1621 692 1683 boreas
707 1629 793 1682 notos

202 1712 230 1763 et
245 1723 334 1766 saeua
349 1712 424 1766 totas
439 1705 544 1766 bruma
561 1706 691 1766 decussit
706 1725 821 1776 comas,

201 1788 334 1850 deforme
350 1788 420 1850 solis
436 1791 562 1870 adspicis
578 1792 690 1851 truncis
705 1808 827 1852 nemus:

201 1873 244 1932 sic
261 1881 360 1934 nostra
377 1873 497 1952 longum
513 1875 607 1936 iorrna
625 1892 805 1953 percurrens
819 1876 877 1936 iter

201 1956 337 2036 deperdit
352 1957 459 2038 aliquid
476 1977 595 2036 semper
612 1967 641 2019 et
656 1959 748 2038 lulget
763 1960 883 2025 minus

198 2058 254 2102 nec
270 2041 317 2102 illa
333 2061 428 2103 uenus
444 2051 497 2104 est.
528 2045 668 2121 quicquid
683 2046 713 2105 iu
729 2043 816 2103 nohis
832 2043 886 2104 luit

198 2124 268 2186 olirn
284 2128 411 2204 petitum
427 2128 535 2188 cecidit
550 2136 579 2189 et
595 2136 682 2208 partu
697 2127 777 2190 labat

198 2218 352 2288 materque
367 2211 518 2272 multum
533 2215 659 2290 rapuit
674 2232 714 2272 ex
729 2211 795 2273 illo
811 2213 897 2283 mihi,

199 2301 278 2354 aetas
294 2296 382 2356 citato
397 2297 496 2357 senior
511 2299 626 2375 inrupit
641 2298 746 2374 gradu.

197 2378 281 2438 uides
296 2387 329 2440 ut
344 2379 435 2440 altum
451 2381 558 2443 famula
576 2399 635 2441 non
651 2383 757 2460 perdat
772 2382 880 2442 decus?

197 2481 313 2524 cessere
331 2463 428 2526 cultus
445 2467 561 2543 penitus
578 2474 606 2526 et
621 2467 733 2544 paedor
748 2467 845 2536 sedet,

197 2555 296 2608 tamen
312 2567 365 2627 per
380 2551 460 2626 ipsas
474 2549 568 2628 fulget
583 2568 742 2611 aerumnas
758 2550 848 2612 decor

264 2735 313 2782 371
336 2734 457 2784 herculis
479 2735 504 2784 E
533 2736 667 2785 Herculei
684 2737 710 2786 A
739 2731 751 2801 ΙΙ
779 2738 829 2786 372
853 2751 950 2801 nempe
973 2737 1116 2802 thespides

196 2804 300 2850 uacent
312 2801 337 2850 Ε
356 2817 434 2852 mene
448 2803 620 2866 Thespiades
633 2799 905 2869 11011111ΑΙΙ373111
918 2804 984 2854 illis
1003 2806 1114 2869 ΝΗ1.ΙΙ

195 2869 245 2917 375
267 2868 417 2934 Meroque
441 2871 517 2919 NHc
541 2875 606 2920 conl.
626 2889 650 2921 u
669 2873 719 2922 575
747 2868 759 2935 1Ι
787 2873 837 2922 376
861 2870 958 2922 Colum
980 2873 1069 2923 feroci
1088 2875 1115 2923 Ε

194 2935 284 2984 Vnum
296 2936 317 2984 f
330 2937 356 2986 A
370 2937 465 2988 Vdum
478 2938 498 2986 f
513 2935 887 3004 6011111113771111111111
901 2942 996 2990 ceruix
1008 2941 1113 3006 1111111

195 3003 243 3052 381
267 3003 348 3054 NVT.
378 3006 503 3054 Haerere
534 3003 646 3070 (puncta
669 3024 700 3059 m.
726 3022 777 3057 rec.
800 3010 842 3056 uel
863 3014 924 3060 tert.
927 3007 940 3072 )
964 3008 990 3056 Ε
1021 3024 1114 3059 cereus

194 3087 346 3138 Deianirae
370 3096 410 3139 est
432 3090 457 3138 A
487 3090 623 3139 Nutrioi
646 3092 717 3141 dedit
733 3092 848 3154 Lipsiae.
878 3089 890 3158 ss
918 3095 969 3143 382
987 3093 1113 3143 Nutricis

194 3164 255 3206 nota
264 3159 387 3220 praefixo
399 3157 424 3206 A
437 3157 522 3207 1111.Ε
533 3153 545 3222 ll
556 3158 700 3207 Famulam
713 3174 765 3208 nec
777 3164 806 3208 et
818 3159 844 3211 h.
856 3160 882 3207 E
893 3156 905 3226 ΙΙ
921 3160 1046 3224 galatam
1057 3161 1084 3209 Ε
1097 3162 1112 3225 Η

194 3225 243 3274 383
262 3223 327 3273 elia
344 3225 419 3274 NHc
432 3221 444 3289 ll
456 3225 541 3275 habet
553 3225 578 3274 E
596 3225 647 3276 alit
659 3228 684 3276 A
696 3223 707 3292 ll
720 3229 770 3278 385
788 3227 894 3292 expulit
912 3228 952 3278 cA
972 3228 1071 3278 extulit
1089 3230 1114 3280 R

198 3291 287 3344 VPall.
303 3293 407 3342 excutit
419 3293 481 3342 RIO
492 3289 504 3360 ll
517 3295 565 3344 387
584 3294 651 3344 solis
668 3295 694 3343 Ε
705 3294 892 3357 1Εψ111111
911 3312 930 3345 α
940 3291 953 3362 ΙΙ
965 3297 1068 3360 aspicit
1085 3297 1113 3345 Ε

193 3359 296 3420 aspicis
306 3359 331 3408 A
343 3355 355 3425 ll
367 3361 417 3410 390
429 3361 488 3410 Nec
501 3361 551 3410 illa
563 3376 652 3411 uentis
665 3363 741 3412 essu
753 3363 891 3427 Malisque
903 3367 994 3414 minus
1007 3367 1050 3413 est
1059 3365 1085 3414 A
1098 3365 1111 3429 ΙΙ

193 3427 241 3474 391
255 3427 359 3490 pariter
371 3426 396 3474 Ε
409 3433 489 3491 partu
502 3429 526 3478 A
539 3425 550 3493 ll
563 3431 612 3480 393
624 3429 716 3480 Melas
728 3430 754 3479 Ε
766 3431 850 3481 Aetas
863 3429 1066 3496 Alleripnit(
1022 3448 1044 3482 ω
1068 3446 1115 3482 se-

195 3493 241 3540 nio
255 3493 369 3556 erripuit
381 3494 414 3556 R)
434 3494 545 3558 irrupit
558 3496 632 3546 NHs.
646 3493 824 3562 1139511111111
837 3500 877 3548 εΑ
897 3499 994 3549 cultus
1005 3500 1083 3550 DHs.
1098 3501 1112 3564 ΙΙ
