2550 3917
438 201 559 253 onnam
576 202 820 252 unaenunavn
1028 190 1087 255 109

136 364 139 369 ’
169 355 220 409 aut
234 348 327 425 dirige
345 347 478 424 irasque
494 344 586 405 seles:
602 344 677 405 haec
692 342 816 405 uulnera

166 434 293 493 rescissa
308 429 402 490 muita
418 431 562 505 sanguine
578 446 612 489 ac
627 428 695 489 tabe
711 430 816 507 inriga,

166 517 223 577 hac
239 514 363 577 extrahe
378 515 505 574 animam
521 514 627 574 duram
644 512 912 592 inexpugnabilem.
1107 532 1155 582 165

139 630 157 663 a
208 600 250 672 Et
264 608 295 661 tu
310 617 420 677 parens
435 598 615 677 ubicumque
631 615 795 675 poenarum
812 598 923 659 arbiter

165 684 264 746 adstas
280 702 414 755 mearum
430 715 473 727 -
488 701 546 742 nnn
563 700 618 761 ego
634 683 693 743 hcc
708 688 820 743 tantum
836 682 933 745 scelus

164 768 224 831 ulla
241 771 355 847 expiari
371 767 485 829 credidi
500 785 594 846 poena
611 768 681 827 satis

164 870 306 933 umquam
323 870 379 914 nec
394 854 447 916 ma
463 860 559 913 morte
575 859 731 913 contentus
746 852 804 912 iui'
968 915 972 921 ,

164 957 222 999 nec
238 956 285 999 me
300 937 413 998 redemi
429 944 523 1016 parte,
540 936 729 997 membratim
743 936 798 997 tibi
923 967 946 1007 f,
961 965 1077 1007 xxm„
1106 960 1155 1009 170

163 1025 265 1102 perire
281 1022 364 1083 uolui
380 1021 568 1082 -debitum
584 1022 702 1082 tandem
720 1022 814 1097 exige.

164 1125 247 1167 nunc
262 1106 347 1168 solue
363 1124 483 1185 poenas,
502 1116 573 1167 tunc
588 1105 642 1165 tibi
657 1105 778 1166 inferias
794 1106 870 1167 dedi.

164 1191 236 1253 ades
252 1200 341 1270 atque
356 1193 482 1251 inertem
499 1191 650 1252 dexteram
666 1192 813 1251 introrsus
828 1208 931 1271 preme

164 1278 321 1355 magisque
337 1293 449 1354 merge.

143 1364 151 1383 '
477 1359 591 1419 Timida
607 1367 669 1419 tum
687 1376 779 1438 paruo
795 1366 883 1439 caput

164 1444 272 1505 libauit
286 1446 393 1505 haustu
408 1446 519 1523 uixque
534 1446 688 1521 cupientes
703 1444 787 1523 sequi
857 1520 860 1525 1

165 1530 267 1590 eduxit
282 1528 392 1590 cardus.
418 1529 523 1589 haeret
538 1530 625 1589 etiam
641 1544 721 1588 nunc
737 1528 809 1588 mihi
866 1580 869 1589 ,

164 1612 214 1675 ilie
230 1616 347 1674 animus
362 1614 474 1684 haeret,
491 1632 559 1673 cum
575 1621 760 1673 recusantem
777 1608 895 1673 ma'nnm

163 1716 304 1778 pressere
321 1698 428 1760 unitus.
460 1698 562 1759 audies
576 1715 683 1757 uerum
700 1696 827 1776 Oedipe:

164 1785 266 1843 minus
281 1784 386 1843 eruisti
400 1782 511 1843 lumina
528 1780 668 1842 audacter
683 1788 732 1842 tua

166 1884 255 1945 quam
270 1869 454 1948 praestitisti.
484 1884 565 1927 nunc
581 1864 701 1927 manum
718 1866 843 1927 cerebro
858 1866 958 1936 indue,
1105 1888 1154 1937 180

165 1952 222 2012 hac
238 1959 323 2031 parte
338 1960 466 2013 mortem
482 1967 591 2029 perage
607 1970 664 2030 qua
681 1953 765 2028 coepi
782 1952 866 2012 mori.
937 1986 941 1993 ·

137 2126 155 2159 a
209 2116 291 2164 Anu.
315 2099 411 2163 Pauca
424 2122 442 2163 ο
454 2120 563 2181 pareus
575 2104 762 2179 magnanime
778 2101 963 2163 miserandae
977 2118 1085 2181 precor

166 2196 198 2249 ut
213 2187 307 2248 uerba
324 2194 410 2249 natae
425 2192 526 2247 mente
541 2185 655 2263 placata
672 2186 781 2246 audias,

167 2289 226 2331 non
243 2279 270 2333 te
286 2280 319 2331 ut
334 2272 475 2331 reducam
491 2272 603 2331 ueteris
617 2269 653 2330 ad
670 2272 800 2347 speciem
814 2270 921 2330 domus

167 2355 358 2435 habitumque
373 2357 460 2433 regni
473 2354 549 2415 flore
563 2354 724 2431 pellentem
739 2354 847 2433 inclyto

166 2448 236 2518 pete
250 2448 302 2502 aut
316 2447 351 2501 ut
364 2441 424 2501 iras
438 2447 574 2519 tempore
589 2446 640 2500 ant
655 2441 718 2517 ipsa
736 2457 818 2500 mora

164 2524 274 2587 fractas
290 2526 414 2586 remisso
430 2531 552 2602 pectore
567 2542 602 2583 ac
620 2522 736 2602 placido
751 2524 847 2584 ieras:

133 2605 155 2661 α’
209 2611 248 2670 Α1
262 2610 320 2671 hoc
336 2608 461 2671 decebat
474 2609 592 2669 rebaris
606 2610 680 2668 tanti
696 2610 802 2688 pirum,

168 2711 226 2753 nun
242 2711 308 2754 esse
323 2692 378 2754 snb
395 2692 498 2754 delore
512 2710 570 2753 nec
584 2693 696 2753 uictum
712 2691 797 2754 maiis

168 2777 238 2839 dare
252 2786 346 2856 terga.
376 2794 436 2838 non
453 2784 543 2839 estut
559 2785 645 2855 putas
660 2779 755 2838 uirtus
770 2782 855 2856 pater

167 2863 272 2923 timere
288 2864 388 2932 uitam,
406 2863 458 2923 sed
474 2861 558 2923 malis
573 2862 744 2939 ingentibus

235 3017 286 3066 188
303 3029 393 3079 poene
410 3013 446 3063 Ε1
464 3030 535 3064 em.
554 3014 591 3064 Ii³
618 3010 632 3081 ΙΙ
662 3014 712 3065 169
731 3020 828 3067 nocte
846 3019 878 3067 ci.
900 3016 977 3068 Gran.
1000 3013 1013 3082 11
1037 3018 1084 3069 171

168 3082 243 3132 uolui
265 3083 356 3147 perire
374 3083 399 3132 A
429 3084 521 3146 perire
542 3082 619 3132 uolui
637 3082 663 3131 E
697 3078 709 3147 ll
745 3086 793 3135 178
817 3085 914 3135 audias
932 3085 957 3134 A
989 3085 1085 3135 audies

167 3148 192 3198 Ε
214 3146 226 3216 [Ι
249 3150 398 3215 oedippum
415 3167 437 3200 ω
459 3149 557 3216 oedipo
575 3150 615 3199 dE
643 3146 655 3214 ΙΙ
686 3152 734 3201 180
753 3154 849 3203 crebro
868 3153 893 3201 Ε
915 3148 927 3217 11
957 3154 1003 3203 181
1024 3168 1085 3203 coe·

166 3218 208 3282 pit
225 3218 251 3267 A
280 3218 360 3283 coepi
377 3217 444 3267 Edss
472 3214 485 3283 [Ι
513 3220 563 3269 188
585 3216 783 3284 miserandam
810 3218 966 3270 miserande
985 3220 1010 3269 Ε
1037 3221 1085 3269 mi-

168 3285 305 3335 serandae
323 3301 344 3336 α
377 3283 390 3353 ΙΙ
423 3287 474 3337 184
500 3285 639 3352 specimen
657 3286 682 3335 A
713 3288 835 3351 speciem
854 3288 878 3337 Ε
896 3296 915 3339 t.
932 3286 1038 3340 Istron.
1063 3285 1075 3353 ΙΙ

168 3353 217 3403 185
238 3353 339 3417 inclyti
356 3371 378 3404 ω
407 3350 419 3421 ΙΙ
448 3354 498 3404 186
511 3358 580 3420 -petc
599 3353 717 3403 autEA
737 3356 812 3420 (peto
832 3354 914 3420 11111)
933 3371 960 3421 p.
980 3360 1034 3405 ast
1052 3359 1083 3408 ci.

170 3418 334 3471 Cannutium
355 3417 368 3487 ΙΙ
390 3425 514 3486 tempore
534 3425 583 3471 eut
600 3422 663 3486 ipsa
681 3436 757 3472 mora
769 3440 791 3473 ω
810 3429 935 3488 corrupta
946 3429 1013 3475 sant.
1032 3421 1082 3475 Bo.

168 3488 199 3540 ci.
216 3492 377 3554 temporum
399 3488 483 3538 haud
503 3490 567 3554 ipae
590 3504 667 3540 mora
696 3485 708 3554 ΙΙ
738 3491 788 3540 188
807 3495 835 3540 et
853 3508 874 3541 ω
900 3492 1040 3552 adscripsi
1062 3488 1075 3553 [1
