<?xml version="1.0" encoding="UTF-8"?>
<!DOCTYPE html PUBLIC "-//W3C//DTD XHTML 1.0 Transitional//EN"
    "http://www.w3.org/TR/xhtml1/DTD/xhtml1-transitional.dtd">
<html xmlns="http://www.w3.org/1999/xhtml" xml:lang="en" lang="en">
 <head>
  <title>
</title>
<meta http-equiv="Content-Type" content="text/html;charset=utf-8" />
  <meta name='ocr-system' content='tesseract 3.04.00' />
  <meta name='ocr-capabilities' content='ocr_page ocr_carea ocr_par ocr_line ocrx_word'/>
</head>
<body>
  <div class='ocr_page' id='page_1' title='image "./lannaeisenecaet00richgoog_0101.png"; bbox 0 0 2550 3917; ppageno 0'>
   <div class='ocr_carea' id='block_1_1' title="bbox 126 168 839 252">
    <p class='ocr_par' dir='ltr' id='par_1_1' title="bbox 126 168 839 252">
     <span class='ocr_line' id='line_1_1' title="bbox 126 168 839 252; baseline -0.008 -20"><span class='ocrx_word' id='word_1_1' title='bbox 126 168 239 252; x_wconf 52' lang='lat' dir='ltr'>‚w</span> <span class='ocrx_word' id='word_1_2' title='bbox 479 180 839 229; x_wconf 60' lang='lat' dir='ltr'>mmmmm</span> 
     </span>
    </p>
   </div>
   <div class='ocr_carea' id='block_1_2' title="bbox 111 318 1267 2766">
    <p class='ocr_par' dir='ltr' id='par_1_2' title="bbox 197 318 987 487">
     <span class='ocr_line' id='line_1_2' title="bbox 198 318 884 383; baseline -0.007 0"><span class='ocrx_word' id='word_1_3' title='bbox 198 328 329 383; x_wconf 83' lang='lat' dir='ltr'>extrema</span> <span class='ocrx_word' id='word_1_4' title='bbox 346 320 434 383; x_wconf 89' lang='lat' dir='ltr'>tellus</span> <span class='ocrx_word' id='word_1_5' title='bbox 449 321 529 382; x_wconf 91' lang='lat' dir='ltr'>hunc</span> <span class='ocrx_word' id='word_1_6' title='bbox 546 320 595 380; x_wconf 90' lang='lat' dir='ltr'>dat</span> <span class='ocrx_word' id='word_1_7' title='bbox 611 318 729 381; x_wconf 83' lang='lat' dir='ltr'>Oceano</span> <span class='ocrx_word' id='word_1_8' title='bbox 745 318 884 380; x_wconf 81' lang='lat' dir='ltr'>modurn?</span> 
     </span>
     <span class='ocr_line' id='line_1_3' title="bbox 197 403 987 487; baseline -0.004 -21"><span class='ocrx_word' id='word_1_9' title='bbox 197 425 270 487; x_wconf 86' lang='lat' dir='ltr'>quas</span> <span class='ocrx_word' id='word_1_10' title='bbox 285 406 431 467; x_wconf 81' lang='lat' dir='ltr'><strong>trahimus</strong></span> <span class='ocrx_word' id='word_1_11' title='bbox 446 406 552 467; x_wconf 81' lang='lat' dir='ltr'>auras?</span> <span class='ocrx_word' id='word_1_12' title='bbox 567 404 648 483; x_wconf 89' lang='lat' dir='ltr'>quod</span> <span class='ocrx_word' id='word_1_13' title='bbox 663 403 759 465; x_wconf 91' lang='lat' dir='ltr'>solum</span> <span class='ocrx_word' id='word_1_14' title='bbox 776 403 853 465; x_wconf 85' lang='lat' dir='ltr'>sesso</span> <span class='ocrx_word' id='word_1_15' title='bbox 868 404 987 465; x_wconf 80' lang='lat' dir='ltr'>subest?</span> 
     </span>
    </p>

    <p class='ocr_par' dir='ltr' id='par_1_3' title="bbox 163 488 951 909">
     <span class='ocr_line' id='line_1_4' title="bbox 163 488 912 567; baseline -0.012 -10"><span class='ocrx_word' id='word_1_16' title='bbox 163 498 189 557; x_wconf 87' lang='lat' dir='ltr'>a&#39;</span> <span class='ocrx_word' id='word_1_17' title='bbox 244 491 330 553; x_wconf 81' lang='lat' dir='ltr'>Certe</span> <span class='ocrx_word' id='word_1_18' title='bbox 344 491 484 552; x_wconf 81' lang='lat' dir='ltr'>redimus,</span> <span class='ocrx_word' id='word_1_19' title='bbox 516 490 610 551; x_wconf 86' lang='lat' dir='ltr'>unde</span> <span class='ocrx_word' id='word_1_20' title='bbox 625 496 772 567; x_wconf 84' lang='lat' dir='ltr'>prostrata</span> <span class='ocrx_word' id='word_1_21' title='bbox 788 506 808 549; x_wconf 84' lang='lat' dir='ltr'><em>a</em></span> <span class='ocrx_word' id='word_1_22' title='bbox 823 488 912 549; x_wconf 90' lang='lat' dir='ltr'>domo</span> 
     </span>
     <span class='ocr_line' id='line_1_5' title="bbox 197 574 892 654; baseline -0.006 -17"><span class='ocrx_word' id='word_1_23' title='bbox 197 577 285 637; x_wconf 87' lang='lat' dir='ltr'>uideo</span> <span class='ocrx_word' id='word_1_24' title='bbox 302 583 425 637; x_wconf 92' lang='lat' dir='ltr'>cruenta</span> <span class='ocrx_word' id='word_1_25' title='bbox 441 574 587 654; x_wconf 77' lang='lat' dir='ltr'>corpora?</span> <span class='ocrx_word' id='word_1_26' title='bbox 608 592 645 633; x_wconf 90' lang='lat' dir='ltr'>an</span> <span class='ocrx_word' id='word_1_27' title='bbox 663 574 795 634; x_wconf 92' lang='lat' dir='ltr'>nondum</span> <span class='ocrx_word' id='word_1_28' title='bbox 812 576 892 633; x_wconf 83' lang='lat' dir='ltr'>exuit</span> 
     </span>
     <span class='ocr_line' id='line_1_6' title="bbox 197 657 951 737; baseline -0.001 -18"><span class='ocrx_word' id='word_1_29' title='bbox 197 660 355 721; x_wconf 88' lang='lat' dir='ltr'>simulacra</span> <span class='ocrx_word' id='word_1_30' title='bbox 370 679 455 721; x_wconf 90' lang='lat' dir='ltr'>mens</span> <span class='ocrx_word' id='word_1_31' title='bbox 472 658 606 720; x_wconf 82' lang='lat' dir='ltr'>inferna?</span> <span class='ocrx_word' id='word_1_32' title='bbox 621 668 689 736; x_wconf 88' lang='lat' dir='ltr'>post</span> <span class='ocrx_word' id='word_1_33' title='bbox 704 657 817 719; x_wconf 87' lang='lat' dir='ltr'>reditus</span> <span class='ocrx_word' id='word_1_34' title='bbox 833 675 951 737; x_wconf 87' lang='lat' dir='ltr'>quoque</span> 
     </span>
     <span class='ocr_line' id='line_1_7' title="bbox 198 742 745 807; baseline -0.004 -2"><span class='ocrx_word' id='word_1_35' title='bbox 198 744 317 807; x_wconf 92' lang='lat' dir='ltr'>oberrat</span> <span class='ocrx_word' id='word_1_36' title='bbox 333 745 428 806; x_wconf 89' lang='lat' dir='ltr'>oculis</span> <span class='ocrx_word' id='word_1_37' title='bbox 444 744 530 805; x_wconf 90' lang='lat' dir='ltr'>turba</span> <span class='ocrx_word' id='word_1_38' title='bbox 546 742 646 805; x_wconf 82' lang='lat' dir='ltr'>feralis</span> <span class='ocrx_word' id='word_1_39' title='bbox 661 744 745 805; x_wconf 90' lang='lat' dir='ltr'>meis.</span> 
     </span>
     <span class='ocr_line' id='line_1_8' title="bbox 196 827 818 909; baseline -0.003 -19"><span class='ocrx_word' id='word_1_40' title='bbox 196 831 289 908; x_wconf 88' lang='lat' dir='ltr'>pudet</span> <span class='ocrx_word' id='word_1_41' title='bbox 304 830 404 898; x_wconf 82' lang='lat' dir='ltr'>fateri,</span> <span class='ocrx_word' id='word_1_42' title='bbox 420 848 517 909; x_wconf 89' lang='lat' dir='ltr'>paueo</span> <span class='ocrx_word' id='word_1_43' title='bbox 532 830 633 889; x_wconf 90' lang='lat' dir='ltr'>nescio</span> <span class='ocrx_word' id='word_1_44' title='bbox 650 829 720 907; x_wconf 90' lang='lat' dir='ltr'>quid</span> <span class='ocrx_word' id='word_1_45' title='bbox 736 827 818 888; x_wconf 87' lang='lat' dir='ltr'>mihi.</span> 
     </span>
    </p>

    <p class='ocr_par' dir='ltr' id='par_1_4' title="bbox 197 910 998 995">
     <span class='ocr_line' id='line_1_9' title="bbox 197 910 998 995; baseline -0.005 -19"><span class='ocrx_word' id='word_1_46' title='bbox 197 915 311 995; x_wconf 80' lang='lat' dir='ltr'>[nescio</span> <span class='ocrx_word' id='word_1_47' title='bbox 326 918 408 991; x_wconf 82' lang='lat' dir='ltr'>quod</span> <span class='ocrx_word' id='word_1_48' title='bbox 422 918 541 975; x_wconf 79' lang='lat' dir='ltr'>animus</span> <span class='ocrx_word' id='word_1_49' title='bbox 553 914 675 989; x_wconf 66' lang='lat' dir='ltr'>arande</span> <span class='ocrx_word' id='word_1_50' title='bbox 683 916 848 988; x_wconf 66' lang='lat' dir='ltr'>praesagant</span> <span class='ocrx_word' id='word_1_51' title='bbox 861 910 998 991; x_wconf 77' lang='lat' dir='ltr'>malum]</span> 
     </span>
    </p>

    <p class='ocr_par' dir='ltr' id='par_1_5' title="bbox 162 995 1000 1329">
     <span class='ocr_line' id='line_1_10' title="bbox 162 995 917 1078; baseline -0.012 -13"><span class='ocrx_word' id='word_1_52' title='bbox 162 1016 179 1065; x_wconf 87' lang='lat' dir='ltr'>b</span> <span class='ocrx_word' id='word_1_53' title='bbox 242 998 308 1061; x_wconf 89' lang='lat' dir='ltr'>Vbi</span> <span class='ocrx_word' id='word_1_54' title='bbox 324 1007 369 1060; x_wconf 90' lang='lat' dir='ltr'>est</span> <span class='ocrx_word' id='word_1_55' title='bbox 383 999 511 1078; x_wconf 75' lang='lat' dir='ltr'>parens?</span> <span class='ocrx_word' id='word_1_56' title='bbox 532 997 594 1059; x_wconf 89' lang='lat' dir='ltr'>nbi</span> <span class='ocrx_word' id='word_1_57' title='bbox 609 995 657 1057; x_wconf 90' lang='lat' dir='ltr'>illa</span> <span class='ocrx_word' id='word_1_58' title='bbox 674 1003 811 1057; x_wconf 89' lang='lat' dir='ltr'>natorum</span> <span class='ocrx_word' id='word_1_59' title='bbox 826 1012 917 1075; x_wconf 82' lang='lat' dir='ltr'>grege</span> 
     </span>
     <span class='ocr_line' id='line_1_11' title="bbox 196 1080 869 1144; baseline -0.004 0"><span class='ocrx_word' id='word_1_60' title='bbox 196 1085 328 1144; x_wconf 88' lang='lat' dir='ltr'>animosa</span> <span class='ocrx_word' id='word_1_61' title='bbox 343 1083 490 1144; x_wconf 79' lang='lat' dir='ltr'>coniunxi</span> <span class='ocrx_word' id='word_1_62' title='bbox 505 1101 542 1143; x_wconf 93' lang='lat' dir='ltr'>en</span> <span class='ocrx_word' id='word_1_63' title='bbox 557 1081 634 1141; x_wconf 89' lang='lat' dir='ltr'>latus</span> <span class='ocrx_word' id='word_1_64' title='bbox 649 1080 768 1141; x_wconf 91' lang='lat' dir='ltr'>laeuum</span> <span class='ocrx_word' id='word_1_65' title='bbox 783 1088 869 1143; x_wconf 88' lang='lat' dir='ltr'>uacat</span> 
     </span>
     <span class='ocr_line' id='line_1_12' title="bbox 196 1165 1000 1247; baseline -0.001 -20"><span class='ocrx_word' id='word_1_66' title='bbox 196 1167 291 1247; x_wconf 88' lang='lat' dir='ltr'>spolio</span> <span class='ocrx_word' id='word_1_67' title='bbox 307 1167 411 1229; x_wconf 87' lang='lat' dir='ltr'>leonis.</span> <span class='ocrx_word' id='word_1_68' title='bbox 436 1185 564 1246; x_wconf 89' lang='lat' dir='ltr'>quonam</span> <span class='ocrx_word' id='word_1_69' title='bbox 581 1165 642 1238; x_wconf 88' lang='lat' dir='ltr'>abit</span> <span class='ocrx_word' id='word_1_70' title='bbox 657 1166 785 1242; x_wconf 90' lang='lat' dir='ltr'>tegimen</span> <span class='ocrx_word' id='word_1_71' title='bbox 801 1184 901 1227; x_wconf 90' lang='lat' dir='ltr'>meum</span> <span class='ocrx_word' id='word_1_72' title='bbox 999 1174 1000 1183; x_wconf 75' lang='grc'>’</span> 
     </span>
     <span class='ocr_line' id='line_1_13' title="bbox 196 1249 841 1329; baseline -0.008 -16"><span class='ocrx_word' id='word_1_73' title='bbox 196 1253 334 1329; x_wconf 85' lang='lat' dir='ltr'>idemque</span> <span class='ocrx_word' id='word_1_74' title='bbox 349 1270 453 1313; x_wconf 89' lang='lat' dir='ltr'>somno</span> <span class='ocrx_word' id='word_1_75' title='bbox 469 1249 566 1310; x_wconf 87' lang='lat' dir='ltr'>mollis</span> <span class='ocrx_word' id='word_1_76' title='bbox 581 1249 721 1310; x_wconf 87' lang='lat' dir='ltr'>herculeo</span> <span class='ocrx_word' id='word_1_77' title='bbox 738 1250 841 1327; x_wconf 79' lang='lat' dir='ltr'>torus?</span> 
     </span>
    </p>

    <p class='ocr_par' dir='ltr' id='par_1_6' title="bbox 156 1335 965 1586">
     <span class='ocr_line' id='line_1_14' title="bbox 156 1335 964 1413; baseline -0.009 -11"><span class='ocrx_word' id='word_1_78' title='bbox 156 1344 182 1402; x_wconf 79' lang='lat' dir='ltr'>u&#39;</span> <span class='ocrx_word' id='word_1_79' title='bbox 237 1335 304 1397; x_wconf 89' lang='lat' dir='ltr'>Vbi</span> <span class='ocrx_word' id='word_1_80' title='bbox 320 1335 398 1397; x_wconf 83' lang='lat' dir='ltr'>tela?</span> <span class='ocrx_word' id='word_1_81' title='bbox 418 1336 483 1397; x_wconf 90' lang='lat' dir='ltr'>uhi</span> <span class='ocrx_word' id='word_1_82' title='bbox 498 1335 605 1396; x_wconf 86' lang='lat' dir='ltr'>arcus?</span> <span class='ocrx_word' id='word_1_83' title='bbox 626 1352 708 1395; x_wconf 89' lang='lat' dir='ltr'>arma</span> <span class='ocrx_word' id='word_1_84' title='bbox 725 1335 790 1413; x_wconf 89' lang='lat' dir='ltr'>quis</span> <span class='ocrx_word' id='word_1_85' title='bbox 806 1336 875 1395; x_wconf 91' lang='lat' dir='ltr'>uiuo</span> <span class='ocrx_word' id='word_1_86' title='bbox 892 1335 964 1395; x_wconf 90' lang='lat' dir='ltr'>mihi</span> 
     </span>
     <span class='ocr_line' id='line_1_15' title="bbox 195 1418 903 1499; baseline -0.001 -19"><span class='ocrx_word' id='word_1_87' title='bbox 195 1420 354 1482; x_wconf 74' lang='lat' dir='ltr'>detrahere</span> <span class='ocrx_word' id='word_1_88' title='bbox 369 1421 483 1499; x_wconf 75' lang='lat' dir='ltr'>potuit?</span> <span class='ocrx_word' id='word_1_89' title='bbox 498 1418 590 1499; x_wconf 87' lang='lat' dir='ltr'>spolia</span> <span class='ocrx_word' id='word_1_90' title='bbox 607 1421 673 1499; x_wconf 87' lang='lat' dir='ltr'>quis</span> <span class='ocrx_word' id='word_1_91' title='bbox 687 1426 768 1479; x_wconf 89' lang='lat' dir='ltr'>tanta</span> <span class='ocrx_word' id='word_1_92' title='bbox 783 1418 903 1479; x_wconf 84' lang='lat' dir='ltr'>abstulit</span> 
     </span>
     <span class='ocr_line' id='line_1_16' title="bbox 194 1503 965 1586; baseline -0.003 -22"><span class='ocrx_word' id='word_1_93' title='bbox 194 1508 351 1586; x_wconf 86' lang='lat' dir='ltr'>ipsumque</span> <span class='ocrx_word' id='word_1_94' title='bbox 367 1507 432 1585; x_wconf 89' lang='lat' dir='ltr'>quis</span> <span class='ocrx_word' id='word_1_95' title='bbox 447 1524 508 1566; x_wconf 94' lang='lat' dir='ltr'>non</span> <span class='ocrx_word' id='word_1_96' title='bbox 524 1504 660 1566; x_wconf 90' lang='lat' dir='ltr'>Herculis</span> <span class='ocrx_word' id='word_1_97' title='bbox 676 1522 811 1564; x_wconf 88' lang='lat' dir='ltr'>somnum</span> <span class='ocrx_word' id='word_1_98' title='bbox 828 1503 965 1564; x_wconf 79' lang='lat' dir='ltr'>horruit?</span> 
     </span>
    </p>

    <p class='ocr_par' dir='ltr' id='par_1_7' title="bbox 111 1587 973 1678">
     <span class='ocr_line' id='line_1_17' title="bbox 111 1587 973 1678; baseline -0.003 -29"><span class='ocrx_word' id='word_1_99' title='bbox 111 1662 117 1671; x_wconf 89' lang='lat'>.</span> <span class='ocrx_word' id='word_1_100' title='bbox 194 1589 268 1650; x_wconf 87' lang='lat' dir='ltr'>libet</span> <span class='ocrx_word' id='word_1_101' title='bbox 283 1609 381 1650; x_wconf 89' lang='lat' dir='ltr'>meum</span> <span class='ocrx_word' id='word_1_102' title='bbox 397 1590 502 1651; x_wconf 89' lang='lat' dir='ltr'>nidere</span> <span class='ocrx_word' id='word_1_103' title='bbox 516 1592 678 1657; x_wconf 89' lang='lat' dir='ltr'>uictorem,</span> <span class='ocrx_word' id='word_1_104' title='bbox 695 1587 776 1649; x_wconf 85' lang='lat' dir='ltr'>libet.</span> <span class='ocrx_word' id='word_1_105' title='bbox 962 1658 973 1678; x_wconf 30' lang='lat' dir='ltr'><em>U</em></span> 
     </span>
    </p>

    <p class='ocr_par' dir='ltr' id='par_1_8' title="bbox 161 1672 1006 2090">
     <span class='ocr_line' id='line_1_18' title="bbox 161 1672 936 1753; baseline -0.008 -16"><span class='ocrx_word' id='word_1_106' title='bbox 161 1706 178 1737; x_wconf 83' lang='lat' dir='ltr'>a</span> <span class='ocrx_word' id='word_1_107' title='bbox 238 1674 357 1753; x_wconf 83' lang='lat' dir='ltr'>Exurge</span> <span class='ocrx_word' id='word_1_108' title='bbox 372 1676 477 1735; x_wconf 90' lang='lat' dir='ltr'>uirtus.</span> <span class='ocrx_word' id='word_1_109' title='bbox 506 1693 611 1753; x_wconf 88' lang='lat' dir='ltr'>quem</span> <span class='ocrx_word' id='word_1_110' title='bbox 628 1691 739 1733; x_wconf 91' lang='lat' dir='ltr'>nouum</span> <span class='ocrx_word' id='word_1_111' title='bbox 756 1672 837 1733; x_wconf 86' lang='lat' dir='ltr'>caelo</span> <span class='ocrx_word' id='word_1_112' title='bbox 852 1680 936 1751; x_wconf 85' lang='lat' dir='ltr'>pater</span> 
     </span>
     <span class='ocr_line' id='line_1_19' title="bbox 194 1758 750 1837; baseline -0.005 -18"><span class='ocrx_word' id='word_1_113' title='bbox 194 1760 295 1837; x_wconf 90' lang='lat' dir='ltr'>gennit</span> <span class='ocrx_word' id='word_1_114' title='bbox 309 1758 430 1827; x_wconf 88' lang='lat' dir='ltr'>relicto,</span> <span class='ocrx_word' id='word_1_115' title='bbox 447 1760 532 1819; x_wconf 89' lang='lat' dir='ltr'>cuius</span> <span class='ocrx_word' id='word_1_116' title='bbox 546 1759 578 1818; x_wconf 95' lang='lat' dir='ltr'>in</span> <span class='ocrx_word' id='word_1_117' title='bbox 592 1759 656 1817; x_wconf 87' lang='lat' dir='ltr'>fetu</span> <span class='ocrx_word' id='word_1_118' title='bbox 671 1759 750 1817; x_wconf 88' lang='lat' dir='ltr'>stetit</span> 
     </span>
     <span class='ocr_line' id='line_1_20' title="bbox 194 1841 1002 1923; baseline 0 -22"><span class='ocrx_word' id='word_1_119' title='bbox 194 1860 252 1903; x_wconf 84' lang='lat' dir='ltr'>nox</span> <span class='ocrx_word' id='word_1_120' title='bbox 267 1841 385 1920; x_wconf 84' lang='lat' dir='ltr'>longior</span> <span class='ocrx_word' id='word_1_121' title='bbox 399 1861 488 1923; x_wconf 89' lang='lat' dir='ltr'>qnam</span> <span class='ocrx_word' id='word_1_122' title='bbox 503 1842 626 1903; x_wconf 78' lang='lat' dir='ltr'>nostrai</span> <span class='ocrx_word' id='word_1_123' title='bbox 642 1874 684 1885; x_wconf 91' lang='lat'><em>-</em></span> <span class='ocrx_word' id='word_1_124' title='bbox 700 1842 779 1918; x_wconf 90' lang='lat' dir='ltr'>qnod</span> <span class='ocrx_word' id='word_1_125' title='bbox 795 1858 886 1902; x_wconf 90' lang='lat' dir='ltr'>cerno</span> <span class='ocrx_word' id='word_1_126' title='bbox 902 1842 1002 1903; x_wconf 81' lang='lat' dir='ltr'>nefas:</span> 
     </span>
     <span class='ocr_line' id='line_1_21' title="bbox 194 1927 854 2005; baseline -0.002 -19"><span class='ocrx_word' id='word_1_127' title='bbox 194 1928 273 2005; x_wconf 88' lang='lat' dir='ltr'>gnati</span> <span class='ocrx_word' id='word_1_128' title='bbox 295 1934 450 1988; x_wconf 89' lang='lat' dir='ltr'>cruenta</span> <span class='ocrx_word' id='word_1_129' title='bbox 472 1927 586 1987; x_wconf 91' lang='lat' dir='ltr'>caede</span> <span class='ocrx_word' id='word_1_130' title='bbox 607 1927 734 1986; x_wconf 86' lang='lat' dir='ltr'>consecti</span> <span class='ocrx_word' id='word_1_131' title='bbox 749 1928 854 1996; x_wconf 85' lang='lat' dir='ltr'>iacent,</span> 
     </span>
     <span class='ocr_line' id='line_1_22' title="bbox 194 2011 1006 2090; baseline -0.001 -19"><span class='ocrx_word' id='word_1_132' title='bbox 194 2018 347 2090; x_wconf 87' lang='lat' dir='ltr'>perempta</span> <span class='ocrx_word' id='word_1_133' title='bbox 363 2012 501 2072; x_wconf 84' lang='lat' dir='ltr'>coniunx.</span> <span class='ocrx_word' id='word_1_134' title='bbox 526 2013 608 2090; x_wconf 89' lang='lat' dir='ltr'>quis</span> <span class='ocrx_word' id='word_1_135' title='bbox 622 2011 719 2090; x_wconf 86' lang='lat' dir='ltr'>Lycus</span> <span class='ocrx_word' id='word_1_136' title='bbox 733 2029 860 2089; x_wconf 87' lang='lat' dir='ltr'>regnum</span> <span class='ocrx_word' id='word_1_137' title='bbox 876 2011 1006 2089; x_wconf 75' lang='lat' dir='ltr'>optinet?</span> 
     </span>
    </p>

    <p class='ocr_par' dir='ltr' id='par_1_9' title="bbox 155 2094 959 2503">
     <span class='ocr_line' id='line_1_23' title="bbox 155 2094 959 2165; baseline -0.002 -8"><span class='ocrx_word' id='word_1_138' title='bbox 155 2101 180 2157; x_wconf 80' lang='lat' dir='ltr'>a&#39;</span> <span class='ocrx_word' id='word_1_139' title='bbox 237 2094 287 2165; x_wconf 83' lang='lat' dir='ltr'>Qu</span> <span class='ocrx_word' id='word_1_140' title='bbox 298 2097 329 2155; x_wconf 91' lang='lat' dir='ltr'>is</span> <span class='ocrx_word' id='word_1_141' title='bbox 344 2102 424 2157; x_wconf 89' lang='lat' dir='ltr'>tanta</span> <span class='ocrx_word' id='word_1_142' title='bbox 440 2095 551 2157; x_wconf 85' lang='lat' dir='ltr'>Thebis</span> <span class='ocrx_word' id='word_1_143' title='bbox 566 2095 679 2157; x_wconf 88' lang='lat' dir='ltr'>scelera</span> <span class='ocrx_word' id='word_1_144' title='bbox 696 2094 794 2156; x_wconf 91' lang='lat' dir='ltr'>moliri</span> <span class='ocrx_word' id='word_1_145' title='bbox 810 2114 899 2156; x_wconf 89' lang='lat' dir='ltr'>ausus</span> <span class='ocrx_word' id='word_1_146' title='bbox 915 2105 959 2155; x_wconf 87' lang='lat' dir='ltr'>est</span> 
     </span>
     <span class='ocr_line' id='line_1_24' title="bbox 192 2179 850 2261; baseline 0 -21"><span class='ocrx_word' id='word_1_147' title='bbox 192 2179 321 2241; x_wconf 88' lang='lat' dir='ltr'>Hercule</span> <span class='ocrx_word' id='word_1_148' title='bbox 336 2182 480 2241; x_wconf 79' lang='lat' dir='ltr'>reuerso?</span> <span class='ocrx_word' id='word_1_149' title='bbox 504 2182 637 2261; x_wconf 85' lang='lat' dir='ltr'>quisquis</span> <span class='ocrx_word' id='word_1_150' title='bbox 652 2180 761 2241; x_wconf 88' lang='lat' dir='ltr'>lsrneni</span> <span class='ocrx_word' id='word_1_151' title='bbox 777 2179 850 2249; x_wconf 88' lang='lat' dir='ltr'>ioca,</span> 
     </span>
     <span class='ocr_line' id='line_1_25' title="bbox 193 2265 836 2344; baseline -0.003 -20"><span class='ocrx_word' id='word_1_152' title='bbox 193 2271 292 2325; x_wconf 90' lang='lat' dir='ltr'>actaea</span> <span class='ocrx_word' id='word_1_153' title='bbox 308 2267 439 2344; x_wconf 85' lang='lat' dir='ltr'>quisquis</span> <span class='ocrx_word' id='word_1_154' title='bbox 454 2284 542 2335; x_wconf 89' lang='lat' dir='ltr'>arna,</span> <span class='ocrx_word' id='word_1_155' title='bbox 559 2267 610 2344; x_wconf 87' lang='lat' dir='ltr'>qui</span> <span class='ocrx_word' id='word_1_156' title='bbox 626 2266 744 2343; x_wconf 91' lang='lat' dir='ltr'>gemino</span> <span class='ocrx_word' id='word_1_157' title='bbox 760 2265 836 2323; x_wconf 91' lang='lat' dir='ltr'>mari</span> 
     </span>
     <span class='ocr_line' id='line_1_26' title="bbox 193 2348 835 2429; baseline 0 -20"><span class='ocrx_word' id='word_1_158' title='bbox 193 2348 307 2427; x_wconf 87' lang='lat' dir='ltr'>pulsata</span> <span class='ocrx_word' id='word_1_159' title='bbox 322 2349 440 2429; x_wconf 87' lang='lat' dir='ltr'>Pelopis</span> <span class='ocrx_word' id='word_1_160' title='bbox 455 2369 547 2429; x_wconf 91' lang='lat' dir='ltr'>regna</span> <span class='ocrx_word' id='word_1_161' title='bbox 564 2350 699 2410; x_wconf 92' lang='lat' dir='ltr'>dardanii</span> <span class='ocrx_word' id='word_1_162' title='bbox 715 2348 798 2417; x_wconf 87' lang='lat' dir='ltr'>colis,</span> <span class='ocrx_word' id='word_1_163' title='bbox 834 2354 835 2357; x_wconf 75' lang='grc'>’</span> 
     </span>
     <span class='ocr_line' id='line_1_27' title="bbox 194 2432 927 2503; baseline 0 -10"><span class='ocrx_word' id='word_1_164' title='bbox 194 2451 351 2503; x_wconf 88' lang='lat' dir='ltr'>succurre,</span> <span class='ocrx_word' id='word_1_165' title='bbox 367 2454 501 2496; x_wconf 90' lang='lat' dir='ltr'>saeuae</span> <span class='ocrx_word' id='word_1_166' title='bbox 517 2434 639 2496; x_wconf 88' lang='lat' dir='ltr'>cladis</span> <span class='ocrx_word' id='word_1_167' title='bbox 654 2440 805 2495; x_wconf 82' lang='lat' dir='ltr'>auctorem</span> <span class='ocrx_word' id='word_1_168' title='bbox 821 2432 927 2493; x_wconf 91' lang='lat' dir='ltr'>indica.</span> 
     </span>
    </p>

    <p class='ocr_par' dir='ltr' id='par_1_10' title="bbox 151 2517 1267 2766">
     <span class='ocr_line' id='line_1_28' title="bbox 151 2517 956 2596; baseline 0 -19"><span class='ocrx_word' id='word_1_169' title='bbox 151 2520 183 2577; x_wconf 83' lang='lat' dir='ltr'>a&#39;&#39;</span> <span class='ocrx_word' id='word_1_170' title='bbox 237 2519 314 2578; x_wconf 85' lang='lat' dir='ltr'>Ruat</span> <span class='ocrx_word' id='word_1_171' title='bbox 331 2522 373 2579; x_wconf 90' lang='lat' dir='ltr'>ira</span> <span class='ocrx_word' id='word_1_172' title='bbox 390 2521 418 2579; x_wconf 93' lang='lat' dir='ltr'>in</span> <span class='ocrx_word' id='word_1_173' title='bbox 435 2537 548 2581; x_wconf 90' lang='lat' dir='ltr'>ornnes.</span> <span class='ocrx_word' id='word_1_174' title='bbox 570 2519 663 2578; x_wconf 87' lang='lat' dir='ltr'>hostis</span> <span class='ocrx_word' id='word_1_175' title='bbox 681 2525 724 2577; x_wconf 88' lang='lat' dir='ltr'>est</span> <span class='ocrx_word' id='word_1_176' title='bbox 739 2518 870 2596; x_wconf 86' lang='lat' dir='ltr'>quisquis</span> <span class='ocrx_word' id='word_1_177' title='bbox 885 2517 956 2577; x_wconf 91' lang='lat' dir='ltr'>mihi</span> 
     </span>
     <span class='ocr_line' id='line_1_29' title="bbox 192 2602 1267 2665; baseline 0.001 -3"><span class='ocrx_word' id='word_1_178' title='bbox 192 2620 253 2662; x_wconf 93' lang='lat' dir='ltr'>non</span> <span class='ocrx_word' id='word_1_179' title='bbox 267 2610 412 2663; x_wconf 87' lang='lat' dir='ltr'>monstrat</span> <span class='ocrx_word' id='word_1_180' title='bbox 425 2603 551 2665; x_wconf 87' lang='lat' dir='ltr'>hostem.</span> <span class='ocrx_word' id='word_1_181' title='bbox 580 2604 677 2665; x_wconf 91' lang='lat' dir='ltr'>uictor</span> <span class='ocrx_word' id='word_1_182' title='bbox 691 2602 810 2663; x_wconf 77' lang='lat' dir='ltr'>Alcidae</span> <span class='ocrx_word' id='word_1_183' title='bbox 824 2602 916 2663; x_wconf 78' lang='lat' dir='ltr'>lates?</span> <span class='ocrx_word' id='word_1_184' title='bbox 1127 2610 1199 2663; x_wconf 78' lang='lat'>1175</span> <span class='ocrx_word' id='word_1_185' title='bbox 1266 2614 1267 2635; x_wconf 85' lang='lat'>³</span> 
     </span>
     <span class='ocr_line' id='line_1_30' title="bbox 191 2684 1267 2766; baseline -0.001 -19"><span class='ocrx_word' id='word_1_186' title='bbox 191 2688 322 2766; x_wconf 90' lang='lat' dir='ltr'>procede</span> <span class='ocrx_word' id='word_1_187' title='bbox 337 2706 390 2749; x_wconf 88' lang='lat' dir='ltr'>seu</span> <span class='ocrx_word' id='word_1_188' title='bbox 404 2695 436 2749; x_wconf 84' lang='lat' dir='ltr'>iu</span> <span class='ocrx_word' id='word_1_189' title='bbox 450 2688 585 2749; x_wconf 91' lang='lat' dir='ltr'>uindicas</span> <span class='ocrx_word' id='word_1_190' title='bbox 601 2706 708 2748; x_wconf 89' lang='lat' dir='ltr'>currus</span> <span class='ocrx_word' id='word_1_191' title='bbox 723 2694 824 2747; x_wconf 88' lang='lat' dir='ltr'>truces</span> <span class='ocrx_word' id='word_1_192' title='bbox 1266 2684 1267 2689; x_wconf 70' lang='grc'>’</span> 
     </span>
    </p>
   </div>
   <div class='ocr_carea' id='block_1_3' title="bbox 191 2806 396 2817">
    <p class='ocr_par' dir='ltr' id='par_1_11' title="bbox 191 2806 396 2817">
     <span class='ocr_line' id='line_1_31' title="bbox 191 2806 396 2817; baseline 0.01 -2"><span class='ocrx_word' id='word_1_193' title='bbox 191 2806 396 2817; x_wconf 76' lang='lat'>——-.</span> 
     </span>
    </p>
   </div>
   <div class='ocr_carea' id='block_1_4' title="bbox 188 2820 1184 3529">
    <p class='ocr_par' dir='ltr' id='par_1_12' title="bbox 188 2820 1184 3529">
     <span class='ocr_line' id='line_1_32' title="bbox 260 2820 1108 2922; baseline 0.005 -18"><span class='ocrx_word' id='word_1_194' title='bbox 260 2857 326 2906; x_wconf 87' lang='grc'>1148</span> <span class='ocrx_word' id='word_1_195' title='bbox 348 2857 397 2907; x_wconf 91' lang='lat' dir='ltr'>ubi</span> <span class='ocrx_word' id='word_1_196' title='bbox 414 2856 463 2906; x_wconf 81' lang='lat' dir='ltr'>dat</span> <span class='ocrx_word' id='word_1_197' title='bbox 485 2858 564 2909; x_wconf 83' lang='lat' dir='ltr'>With.</span> <span class='ocrx_word' id='word_1_198' title='bbox 589 2853 601 2922; x_wconf 78' lang='grc' dir='ltr'>Η</span> <span class='ocrx_word' id='word_1_199' title='bbox 626 2858 691 2905; x_wconf 85' lang='grc'><strong>1149</strong></span> <span class='ocrx_word' id='word_1_200' title='bbox 709 2820 776 2905; x_wconf 63' lang='lat' dir='ltr'>ahoe</span> <span class='ocrx_word' id='word_1_201' title='bbox 794 2855 819 2905; x_wconf 87' lang='lat' dir='ltr'><em>E</em></span> <span class='ocrx_word' id='word_1_202' title='bbox 842 2852 854 2922; x_wconf 82' lang='grc' dir='ltr'>ΙΙ</span> <span class='ocrx_word' id='word_1_203' title='bbox 883 2856 949 2907; x_wconf 90' lang='grc'><strong>1150</strong></span> <span class='ocrx_word' id='word_1_204' title='bbox 966 2860 1108 2920; x_wconf 81' lang='lat' dir='ltr'>prostrata</span> 
     </span>
     <span class='ocr_line' id='line_1_33' title="bbox 191 2919 1107 2989; baseline 0.001 -17"><span class='ocrx_word' id='word_1_205' title='bbox 191 2922 269 2972; x_wconf 91' lang='lat' dir='ltr'>domo</span> <span class='ocrx_word' id='word_1_206' title='bbox 287 2939 309 2972; x_wconf 88' lang='grc' dir='ltr'><strong>ω</strong></span> <span class='ocrx_word' id='word_1_207' title='bbox 337 2940 363 2987; x_wconf 87' lang='lat' dir='ltr'>p.</span> <span class='ocrx_word' id='word_1_208' title='bbox 382 2940 399 2972; x_wconf 81' lang='lat' dir='ltr'>a</span> <span class='ocrx_word' id='word_1_209' title='bbox 418 2924 497 2973; x_wconf 93' lang='lat' dir='ltr'>domo</span> <span class='ocrx_word' id='word_1_210' title='bbox 515 2923 564 2973; x_wconf 89' lang='lat' dir='ltr'>Bo.</span> <span class='ocrx_word' id='word_1_211' title='bbox 590 2924 628 2973; x_wconf 83' lang='lat' dir='ltr'>ad</span> <span class='ocrx_word' id='word_1_212' title='bbox 647 2922 763 2973; x_wconf 90' lang='lat' dir='ltr'>domum</span> <span class='ocrx_word' id='word_1_213' title='bbox 781 2923 899 2974; x_wconf 68' lang='lat' dir='ltr'>nuum.</span> <span class='ocrx_word' id='word_1_214' title='bbox 923 2919 935 2989; x_wconf 76' lang='lat' dir='ltr'>h</span> <span class='ocrx_word' id='word_1_215' title='bbox 966 2926 1030 2975; x_wconf 88' lang='grc'><strong>1151</strong></span> <span class='ocrx_word' id='word_1_216' title='bbox 1051 2925 1107 2975; x_wconf 88' lang='lat' dir='ltr'>exi·</span> 
     </span>
     <span class='ocr_line' id='line_1_34' title="bbox 190 2986 1106 3056; baseline 0.004 -17"><span class='ocrx_word' id='word_1_217' title='bbox 190 2991 232 3040; x_wconf 91' lang='lat' dir='ltr'>uit</span> <span class='ocrx_word' id='word_1_218' title='bbox 253 2988 288 3040; x_wconf 91' lang='lat' dir='ltr'>V¹</span> <span class='ocrx_word' id='word_1_219' title='bbox 311 2986 323 3056; x_wconf 83' lang='grc' dir='ltr'>ΙΙ</span> <span class='ocrx_word' id='word_1_220' title='bbox 352 2993 418 3041; x_wconf 84' lang='grc'><strong>1153</strong></span> <span class='ocrx_word' id='word_1_221' title='bbox 437 2990 550 3041; x_wconf 81' lang='lat' dir='ltr'>oberrat</span> <span class='ocrx_word' id='word_1_222' title='bbox 567 2991 593 3039; x_wconf 99' lang='grc' dir='ltr'><em>Ε</em></span> <span class='ocrx_word' id='word_1_223' title='bbox 616 2986 628 3056; x_wconf 93' lang='grc' dir='ltr'>ΙΙ</span> <span class='ocrx_word' id='word_1_224' title='bbox 650 2991 810 3041; x_wconf 82' lang='lat' dir='ltr'>oeulioEV</span> <span class='ocrx_word' id='word_1_225' title='bbox 823 2992 892 3041; x_wconf 82' lang='lat' dir='ltr'>meis</span> <span class='ocrx_word' id='word_1_226' title='bbox 904 2991 953 3056; x_wconf 85' lang='grc' dir='ltr'>Εφ</span> <span class='ocrx_word' id='word_1_227' title='bbox 973 2992 1067 3041; x_wconf 85' lang='lat' dir='ltr'>oculos</span> <span class='ocrx_word' id='word_1_228' title='bbox 1085 2998 1106 3045; x_wconf 91' lang='lat' dir='ltr'>t.</span> 
     </span>
     <span class='ocr_line' id='line_1_35' title="bbox 191 3054 1184 3125; baseline 0.005 -19"><span class='ocrx_word' id='word_1_229' title='bbox 191 3058 210 3107; x_wconf 86' lang='lat' dir='ltr'>f.</span> <span class='ocrx_word' id='word_1_230' title='bbox 229 3058 342 3107; x_wconf 85' lang='lat' dir='ltr'>meosA</span> <span class='ocrx_word' id='word_1_231' title='bbox 370 3054 383 3124; x_wconf 82' lang='grc' dir='ltr'>ΙΙ</span> <span class='ocrx_word' id='word_1_232' title='bbox 407 3059 473 3107; x_wconf 89' lang='grc'><strong>1154</strong></span> <span class='ocrx_word' id='word_1_233' title='bbox 495 3058 568 3121; x_wconf 90' lang='lat' dir='ltr'>quod</span> <span class='ocrx_word' id='word_1_234' title='bbox 586 3059 656 3123; x_wconf 85' lang='grc' dir='ltr'>εφΑ</span> <span class='ocrx_word' id='word_1_235' title='bbox 679 3059 788 3125; x_wconf 64' lang='lat' dir='ltr'>&#39;quido</span> <span class='ocrx_word' id='word_1_236' title='bbox 818 3055 829 3125; x_wconf 76' lang='lat' dir='ltr'>h</span> <span class='ocrx_word' id='word_1_237' title='bbox 859 3060 924 3109; x_wconf 89' lang='grc'><strong>1155</strong></span> <span class='ocrx_word' id='word_1_238' title='bbox 947 3062 1032 3109; x_wconf 76' lang='lat' dir='ltr'>deterri</span> <span class='ocrx_word' id='word_1_239' title='bbox 1048 3064 1106 3111; x_wconf 85' lang='lat' dir='ltr'>coll.</span> <span class='ocrx_word' id='word_1_240' title='bbox 1181 3057 1184 3065; x_wconf 84' lang='lat'>&#39;</span> 
     </span>
     <span class='ocr_line' id='line_1_36' title="bbox 191 3122 1107 3192; baseline 0.005 -19"><span class='ocrx_word' id='word_1_241' title='bbox 191 3124 248 3177; x_wconf 85' lang='grc' dir='ltr'>ΗΟ.</span> <span class='ocrx_word' id='word_1_242' title='bbox 268 3128 319 3173; x_wconf 83' lang='grc'>745</span> <span class='ocrx_word' id='word_1_243' title='bbox 353 3122 364 3190; x_wconf 87' lang='grc' dir='ltr'>ΙΙ</span> <span class='ocrx_word' id='word_1_244' title='bbox 400 3127 464 3175; x_wconf 91' lang='grc'><strong>1157</strong></span> <span class='ocrx_word' id='word_1_245' title='bbox 488 3127 768 3192; x_wconf 71' lang='lat' dir='ltr'>ourenEcurArp</span> <span class='ocrx_word' id='word_1_246' title='bbox 815 3124 826 3192; x_wconf 70' lang='lat' dir='ltr'>h</span> <span class='ocrx_word' id='word_1_247' title='bbox 863 3127 1107 3192; x_wconf 82' lang='lat' dir='ltr'>uacat)tlit.ad-</span> 
     </span>
     <span class='ocr_line' id='line_1_37' title="bbox 189 3188 1096 3310; baseline 0.002 -68"><span class='ocrx_word' id='word_1_248' title='bbox 189 3198 274 3242; x_wconf 79' lang='lat' dir='ltr'>eterra</span> <span class='ocrx_word' id='word_1_249' title='bbox 286 3191 311 3239; x_wconf 86' lang='lat' dir='ltr'><em>E</em></span> <span class='ocrx_word' id='word_1_250' title='bbox 333 3188 346 3257; x_wconf 81' lang='grc'><strong>11</strong></span> <span class='ocrx_word' id='word_1_251' title='bbox 370 3194 435 3243; x_wconf 88' lang='grc'><strong>1158</strong></span> <span class='ocrx_word' id='word_1_252' title='bbox 454 3193 583 3256; x_wconf 84' lang='lat' dir='ltr'>quidnam</span> <span class='ocrx_word' id='word_1_253' title='bbox 606 3190 670 3310; x_wconf 49' lang='grc' dir='ltr'>Ἧι</span> <span class='ocrx_word' id='word_1_254' title='bbox 686 3198 797 3259; x_wconf 84' lang='lat' dir='ltr'>tegmen</span> <span class='ocrx_word' id='word_1_255' title='bbox 815 3196 840 3245; x_wconf 83' lang='lat' dir='ltr'><em>A</em></span> <span class='ocrx_word' id='word_1_256' title='bbox 859 3196 981 3261; x_wconf 87' lang='lat' dir='ltr'>tegimen</span> <span class='ocrx_word' id='word_1_257' title='bbox 993 3195 1072 3259; x_wconf 73' lang='lat' dir='ltr'>EVur</span> <span class='ocrx_word' id='word_1_258' title='bbox 1084 3193 1096 3261; x_wconf 79' lang='lat' dir='ltr'>h</span> 
     </span>
     <span class='ocr_line' id='line_1_38' title="bbox 191 3256 1106 3327; baseline 0.007 -19"><span class='ocrx_word' id='word_1_259' title='bbox 191 3261 256 3309; x_wconf 81' lang='grc'><strong>1162</strong></span> <span class='ocrx_word' id='word_1_260' title='bbox 275 3260 320 3324; x_wconf 90' lang='lat' dir='ltr'>qui</span> <span class='ocrx_word' id='word_1_261' title='bbox 333 3260 359 3309; x_wconf 84' lang='lat' dir='ltr'><em>E</em></span> <span class='ocrx_word' id='word_1_262' title='bbox 381 3256 393 3325; x_wconf 80' lang='grc' dir='ltr'>Η</span> <span class='ocrx_word' id='word_1_263' title='bbox 417 3262 483 3311; x_wconf 84' lang='grc'><strong>1165</strong></span> <span class='ocrx_word' id='word_1_264' title='bbox 501 3262 530 3309; x_wconf 89' lang='lat' dir='ltr'>in</span> <span class='ocrx_word' id='word_1_265' title='bbox 548 3262 627 3311; x_wconf 86' lang='lat' dir='ltr'>foetu</span> <span class='ocrx_word' id='word_1_266' title='bbox 682 3263 711 3311; x_wconf 91' lang='lat' dir='ltr'>in</span> <span class='ocrx_word' id='word_1_267' title='bbox 730 3262 791 3312; x_wconf 85' lang='lat' dir='ltr'>fetu</span> <span class='ocrx_word' id='word_1_268' title='bbox 807 3264 834 3312; x_wconf 89' lang='lat' dir='ltr'><em>V</em></span> <span class='ocrx_word' id='word_1_269' title='bbox 848 3263 956 3313; x_wconf 81' lang='lat' dir='ltr'>incestu</span> <span class='ocrx_word' id='word_1_270' title='bbox 970 3264 992 3313; x_wconf 82' lang='lat' dir='ltr'><em>A</em></span> <span class='ocrx_word' id='word_1_271' title='bbox 1015 3258 1027 3327; x_wconf 80' lang='grc' dir='ltr'>Η</span> <span class='ocrx_word' id='word_1_272' title='bbox 1040 3266 1106 3314; x_wconf 90' lang='grc'><strong>1166</strong></span> 
     </span>
     <span class='ocr_line' id='line_1_39' title="bbox 189 3326 1095 3395; baseline 0.003 -18"><span class='ocrx_word' id='word_1_273' title='bbox 189 3332 285 3377; x_wconf 79' lang='lat' dir='ltr'>nostra</span> <span class='ocrx_word' id='word_1_274' title='bbox 304 3342 386 3391; x_wconf 81' lang='lat' dir='ltr'>quom</span> <span class='ocrx_word' id='word_1_275' title='bbox 408 3329 434 3377; x_wconf 89' lang='lat' dir='ltr'><em>V</em></span> <span class='ocrx_word' id='word_1_276' title='bbox 449 3326 555 3390; x_wconf 81' lang='lat' dir='ltr'>(nostra</span> <span class='ocrx_word' id='word_1_277' title='bbox 573 3331 599 3378; x_wconf 82' lang='lat' dir='ltr'>in</span> <span class='ocrx_word' id='word_1_278' title='bbox 616 3328 681 3393; x_wconf 81' lang='lat' dir='ltr'>rae.)</span> <span class='ocrx_word' id='word_1_279' title='bbox 705 3327 718 3395; x_wconf 80' lang='lat' dir='ltr'>l}</span> <span class='ocrx_word' id='word_1_280' title='bbox 741 3348 766 3383; x_wconf 83' lang='lat' dir='ltr'>u.</span> <span class='ocrx_word' id='word_1_281' title='bbox 788 3332 853 3379; x_wconf 89' lang='grc'><strong>1168</strong></span> <span class='ocrx_word' id='word_1_282' title='bbox 871 3333 897 3379; x_wconf 84' lang='lat' dir='ltr'>in</span> <span class='ocrx_word' id='word_1_283' title='bbox 909 3347 954 3395; x_wconf 79' lang='lat' dir='ltr'>mg.</span> <span class='ocrx_word' id='word_1_284' title='bbox 969 3332 1029 3384; x_wconf 84' lang='lat' dir='ltr'>add.</span> <span class='ocrx_word' id='word_1_285' title='bbox 1048 3332 1075 3380; x_wconf 93' lang='lat' dir='ltr'><em>V</em></span> <span class='ocrx_word' id='word_1_286' title='bbox 1083 3327 1095 3395; x_wconf 81' lang='grc' dir='ltr'>ΙΙ</span> 
     </span>
     <span class='ocr_line' id='line_1_40' title="bbox 190 3393 1106 3463; baseline 0.004 -20"><span class='ocrx_word' id='word_1_287' title='bbox 190 3394 309 3460; x_wconf 87' lang='lat' dir='ltr'>obtinet)</span> <span class='ocrx_word' id='word_1_288' title='bbox 327 3398 383 3459; x_wconf 78' lang='lat' dir='ltr'>cyil.</span> <span class='ocrx_word' id='word_1_289' title='bbox 403 3400 431 3444; x_wconf 89' lang='lat' dir='ltr'>et</span> <span class='ocrx_word' id='word_1_290' title='bbox 448 3396 567 3445; x_wconf 71' lang='lat' dir='ltr'>abstersa</span> <span class='ocrx_word' id='word_1_291' title='bbox 583 3397 608 3445; x_wconf 93' lang='grc' dir='ltr'><em>Ε</em></span> <span class='ocrx_word' id='word_1_292' title='bbox 646 3393 658 3462; x_wconf 84' lang='grc' dir='ltr'>Η</span> <span class='ocrx_word' id='word_1_293' title='bbox 694 3400 760 3447; x_wconf 89' lang='grc'><strong>1173</strong></span> <span class='ocrx_word' id='word_1_294' title='bbox 779 3402 898 3448; x_wconf 83' lang='lat' dir='ltr'>actorem</span> <span class='ocrx_word' id='word_1_295' title='bbox 918 3414 960 3462; x_wconf 85' lang='grc' dir='ltr'>φα</span> <span class='ocrx_word' id='word_1_296' title='bbox 988 3393 1000 3463; x_wconf 80' lang='grc' dir='ltr'><strong>Η</strong></span> <span class='ocrx_word' id='word_1_297' title='bbox 1038 3398 1106 3447; x_wconf 88' lang='grc'><strong>1174</strong></span> 
     </span>
     <span class='ocr_line' id='line_1_41' title="bbox 188 3460 462 3529; baseline -0.004 -17"><span class='ocrx_word' id='word_1_298' title='bbox 188 3463 296 3512; x_wconf 84' lang='lat' dir='ltr'>Rnatur</span> <span class='ocrx_word' id='word_1_299' title='bbox 312 3464 341 3512; x_wconf 88' lang='lat' dir='ltr'>in</span> <span class='ocrx_word' id='word_1_300' title='bbox 359 3478 384 3513; x_wconf 89' lang='grc'><strong>0.</strong></span> <span class='ocrx_word' id='word_1_301' title='bbox 403 3463 428 3511; x_wconf 92' lang='grc' dir='ltr'><em>Ε</em></span> <span class='ocrx_word' id='word_1_302' title='bbox 451 3460 462 3529; x_wconf 76' lang='lat' dir='ltr'>h</span> 
     </span>
    </p>
   </div>
   <div class='ocr_carea' id='block_1_5' title="bbox 0 0 1280 3917">
    <p class='ocr_par' dir='ltr' id='par_1_13' title="bbox 0 0 1280 3917">
     <span class='ocr_line' id='line_1_42' title="bbox 0 0 1280 3917; baseline 0 2"><span class='ocrx_word' id='word_1_303' title='bbox 0 0 1280 3917; x_wconf 95' lang='lat' dir='ltr'> </span> 
     </span>
    </p>
   </div>
  </div>
 </body>
</html>
