2550 3917
217 196 282 262 380
604 209 747 259 ruentem

219 368 310 428 rogos
325 352 353 410 in
370 351 441 411 istos
457 357 536 410 terre
552 356 711 427 consurget
726 367 834 428 parens

219 437 383 513 domusque
399 437 496 496 soceri
510 435 605 513 prima
622 441 651 494 et
665 433 793 495 aetolum
810 451 904 511 genus

219 527 368 582 sternetur
383 537 485 589 omne,
503 521 644 579 saraiam
662 519 772 578 dudum
789 537 823 579 ac
838 520 917 580 laces

218 608 292 666 inte
309 605 456 672 ferentur,
473 603 619 664 uindicem
636 602 723 664 tellus
738 621 823 663 suum

219 689 358 750 defendet
372 690 477 749 omnis.
509 706 567 748 una
584 696 656 765 quot
670 705 782 766 poenas
797 686 900 748 dabis?

219 773 351 851 elingere
365 780 461 833 terras
476 771 565 832 crede
581 780 610 831 et
624 772 787 832 humanum
802 789 897 850 genus

219 866 248 917 te
264 875 365 936 posse,
383 856 495 918 tulmen
512 857 626 934 genitor
642 855 760 918 Alcidae
776 859 861 934 gerit.

218 943 275 1000 iarn
292 943 349 1001 iam
366 943 495 1001 minaces
510 943 553 1001 ire
569 959 622 1018 per
638 939 751 1001 caelum
769 942 848 1002 laces
932 978 936 986 -

218 1033 319 1104 specta
335 1033 364 1086 et
379 1032 529 1086 tonantem
546 1024 667 1085 fulmine
683 1043 806 1086 excusso
823 1026 910 1085 diem.

218 1118 345 1171 mortem
361 1128 480 1188 quoque
495 1111 589 1187 ipsam
606 1127 693 1187 quam
710 1118 796 1188 putas
812 1116 904 1171 tutam
919 1109 1006 1169 time:
1148 1115 1193 1166 330

219 1194 386 1254 dominatur
402 1193 461 1253 illic
477 1200 601 1272 patruus
616 1193 735 1254 Alcidae
749 1195 800 1254 tui.

218 1296 407 1357 quincumque
422 1295 529 1356 perges
546 1280 654 1338 misera
671 1285 811 1355 cognatos
826 1279 898 1339 deos

218 1363 263 1424 illi
277 1362 400 1424 uidebis.

194 1520 197 1525 Ι
218 1460 338 1507 DEIAN.
439 1448 598 1507 maximum
615 1447 681 1507 fieri
695 1447 795 1508 scelus

219 1538 248 1591 et
263 1531 325 1609 ipsa
342 1531 450 1600 fateor,
468 1532 519 1591 sed
536 1530 620 1592 dolor
635 1532 700 1592 fieri
716 1531 806 1592 iubet.

189 1671 190 1675 ,
217 1630 320 1676 NVTR.
337 1617 475 1676 moriere.
1148 1618 1192 1670 335

218 1713 338 1760 Duram.
515 1701 625 1760 moriar
642 1698 777 1760 Herculis
791 1717 899 1778 nempe
913 1697 1018 1760 incluti

220 1785 349 1844 coniunx
365 1802 421 1844 nec
436 1782 513 1844 ullus
528 1792 616 1844 nocte
632 1784 763 1845 discussa
779 1785 842 1846 dies
926 1832 929 1837 .

219 1867 338 1928 uiduam
355 1867 470 1929 notabit
485 1886 541 1928 nec
556 1886 640 1929 meos
656 1868 759 1947 paelex
775 1878 857 1930 toros

220 1955 333 2032 captiua
350 1954 456 2030 capiet.
488 1960 556 2012 ante
572 1953 607 2012 ab
625 1971 732 2014 occasu
749 1953 810 2014 dies

218 2046 372 2106 nascetur,
393 2037 480 2097 indos
496 2043 564 2097 ante
580 2036 710 2113 glacialis
726 2038 811 2114 pclus

219 2121 382 2199 Scythasue
397 2121 494 2199 tepida
511 2120 651 2182 Phoebus
668 2122 777 2182 inficiet
792 2131 856 2182 rota
895 2169 899 2172 .
1146 2124 1189 2176 340

218 2223 306 2284 quam
323 2223 370 2265 me
385 2205 517 2265 relictam
533 2205 680 2266 thessalae
696 2206 858 2285 adspiciunt
874 2224 975 2267 nurus.

218 2307 285 2349 meo
300 2288 412 2366 iugales
428 2291 571 2365 sanguine
588 2291 755 2368 extinguam
772 2291 860 2352 laces.

218 2383 269 2433 cut
284 2381 449 2450 pereataut
465 2391 512 2434 me
527 2375 662 2451 perimat.
694 2374 772 2435 elisis
787 2375 858 2436 ieris
950 2424 960 2450 s
1053 2379 1189 2430 333333]

219 2465 248 2517 et
264 2459 417 2535 coniugem
434 2457 530 2518 addat.
562 2461 641 2530 inter
655 2458 812 2521 herculeos
827 2459 896 2520 licet

219 2560 266 2602 me
282 2559 400 2620 quoque
415 2541 532 2603 labores
549 2551 700 2603 numeret:
724 2543 842 2605 Alcidae
857 2552 938 2605 tcros
1138 2547 1190 2628 ,345

286 2812 334 2862 321
353 2811 447 2875 Angor
465 2811 562 2861 inistcs
581 2812 606 2861 E
623 2812 714 2878 chcs
733 2814 762 2861 in
780 2814 849 2864 istos
867 2815 892 2864 A
915 2810 927 2880 ΙΙ
948 2814 1024 2863 lares
1042 2813 1068 2863 E
1085 2830 1132 2880 pa-

216 2893 279 2928 rens
297 2880 321 2926 A
334 2875 345 2943 ΙΙ
358 2881 408 2928 323
427 2878 572 2930 Sternetur
589 2895 679 2934 omne.
698 2895 766 2930 saxu
784 2883 840 2930 iam
858 2881 959 2931 dudum
978 2897 1012 2931 ac
1029 2882 1108 2932 faces
1127 2882 1132 2944 Ι

216 2945 277 2995 Inte
296 2946 436 2995 ferentur.
466 2946 604 2996 uindicem
623 2948 706 2998 tellus
724 2963 803 2998 suum
830 2946 834 3013 Ι
860 2949 1011 2999 Defendet
1029 2949 1132 3013 army

216 3013 292 3062 ΙΡαὶ.
304 3013 419 3062 Fabricii
430 3012 501 3065 liber.
521 3010 630 3076 (saxei.
645 3021 676 3066 et
687 3016 765 3066 iaces
777 3016 834 3066 lm?
853 3032 941 3066 saeua
959 3017 1015 3066 iem
1034 3017 1133 3066 dudum

217 3081 296 3130 faces
308 3079 486 3145 Fabricianue)
507 3081 652 3132 Sternetur
664 3099 743 3133 omne
757 3121 762 3132 .
776 3098 839 3133 nam
857 3090 932 3134 tuum
945 3098 1013 3149 gens
1026 3085 1132 3134 Hercu·

216 3147 271 3197 lem
286 3148 289 3208 l
306 3148 449 3197 Defendit
466 3150 491 3198 A
511 3145 586 3212 (nam
604 3150 704 3199 dudum
722 3166 809 3216 genus
825 3151 975 3202 Herculem
995 3151 1026 3213 d)
1049 3147 1062 3218 ΙΙ
1084 3152 1133 3202 325

215 3214 356 3265 Defendet
370 3229 383 3266 ε
395 3216 564 3266 Fabricinuuc
573 3218 645 3283 Meg.
656 3219 722 3269 Pell.
734 3218 869 3269 Defendit
880 3220 905 3269 A
910 3235 928 3284 g
939 3215 950 3285 ll
962 3221 1011 3270 329
1025 3218 1131 3283 Specto

216 3281 292 3331 NHc.
305 3278 317 3346 Η
329 3285 379 3334 333
396 3282 460 3332 Illic
473 3301 494 3333 ω
512 3284 563 3334 Illi
578 3285 655 3336 Gran,
668 3282 679 3351 ll
691 3288 741 3336 335
759 3287 842 3337 NVN.
856 3286 881 3334 E
892 3282 904 3352 ss
916 3301 1014 3350 nempe
1027 3301 1074 3337 om.
1087 3286 1112 3335 Ε
1124 3282 1133 3350 ΙΙ

215 3351 265 3399 339
284 3350 362 3398 indos
382 3350 406 3399 Ε
424 3351 501 3401 Indis
515 3354 540 3403 A
552 3348 564 3417 ΙΙ
577 3352 702 3415 glatialis
719 3353 798 3418 polus
816 3353 882 3403 ΕΕΕ
901 3352 1054 3420 (glacialia)
1073 3353 1132 3419 gle-

216 3416 316 3530 ²:iidem
328 3416 458 3548 pplppmuA
471 3414 482 3483 ΙΙ
495 3422 545 3470 340
556 3420 662 3470 inficiet
674 3421 699 3470 Ε
713 3420 817 3472 afficiet
829 3423 854 3470 A
867 3418 879 3489 [l
891 3425 939 3473 341
949 3419 1133 3486 inspiciente*

236 3497 343 3544 sprcren
