2550 3917
220 149 258 197 Vl
594 150 795 198 PRAEFATIO

221 307 276 364 Pir.
295 305 356 364 154
372 324 523 381 suspensae
537 308 567 363 E
587 308 721 365 sollicitae
737 309 762 364 Α
790 310 809 366 Ρ
825 309 886 367 283
910 311 1067 366 moderatur
1082 310 1110 364 E
1129 311 1172 366 ia·

222 392 330 449 culatur
344 394 370 447 A
386 392 484 472 quibus
500 394 631 451 accedunt
647 396 788 451 innumera
803 396 829 450 id
846 412 933 467 genus
948 395 1009 451 alia.
1240 401 1242 410 '

286 476 358 532 llaec
373 484 401 532 et
416 494 486 550 quae
499 486 564 535 sunt
578 478 678 535 similia
688 480 801 553 adparet
815 481 853 536 ita
868 496 923 536 non
935 496 1017 552 posse
1032 478 1171 551 explicari,

221 569 253 617 ut
268 560 354 617 altera
370 564 506 635 scriptura
522 581 553 621 ex
565 563 652 621 altera
667 574 714 621 aut
728 566 875 638 deprauata
891 573 938 620 aut
949 563 1043 619 librari
1058 562 1172 619 libidine
1240 619 1241 638 ἶ

221 653 326 702 mutata
341 653 387 702 aut
402 647 599 721 interpretandi
612 666 709 706 caussa
723 650 860 723 adscripta
875 666 936 705 esse
947 650 1062 704 dicatur.
1086 647 1171 704 lrnmo

222 732 269 787 uix
281 739 323 787 est
334 730 446 786 dubium
458 733 525 805 quin
536 742 654 808 utraque
664 736 781 809 quodam
793 734 874 790 modo
891 733 924 789 ab
939 735 1001 808 ipso
1012 740 1093 806 poeta
1105 749 1172 805 pro·

222 815 292 871 lecta
306 816 351 877 sit,
368 815 446 872 cuius
460 818 638 890 pugillaribus
655 821 800 893 utriusque
813 821 921 891 generis
937 825 1077 874 auctorem
1090 834 1171 873 usum
1240 819 1241 834 ³

223 916 284 955 csse
298 898 422 956 diximus.
450 898 524 968 Quos
540 904 650 977 quidem
665 904 806 961 codicillos
822 920 883 960 cum
898 911 981 975 poeta
996 902 1093 958 crebro
1109 918 1172 958 cor·
1240 903 1241 938 ἒ

223 985 349 1047 rexisset,
365 986 518 1043 inducendo
531 990 658 1045 nimirum
674 988 901 1062 suprascribendo
918 987 1000 1043 uerba
1016 1002 1171 1059 uersosque

224 1068 283 1125 siue
298 1069 468 1128 interlineas
485 1074 543 1129 siue
559 1075 590 1129 ad
603 1076 754 1147 marginem
769 1072 910 1127 adiciendo
926 1081 953 1127 et
969 1074 1007 1126 ita
1018 1071 1126 1144 quidem
1139 1078 1172 1125 ut

224 1153 288 1227 quid
300 1154 355 1226 legi
371 1155 455 1211 uellet
470 1166 516 1212 aut
528 1176 583 1231 quo
602 1175 726 1231 quaeque
741 1159 911 1230 pertinerent
925 1154 1019 1211 multis
1030 1155 1098 1211 locis
1114 1171 1173 1210 non

222 1240 289 1294 satis
311 1249 437 1297 accurate
459 1241 673 1315 significaret*):
702 1242 762 1297 lieri
782 1257 838 1297 non
859 1240 951 1313 potuit
971 1241 1036 1313 quin
1057 1240 1110 1294 duo
1130 1238 1172 1294 illi
1240 1297 1241 1300 ,

222 1322 327 1380 librarii
353 1326 398 1399 qui
420 1325 530 1383 diuerso
547 1336 673 1400 tempore
688 1334 786 1400 poetae
806 1325 990 1398 chirographo
1012 1324 1045 1379 ad
1067 1324 1172 1378 descri-

222 1400 340 1464 bendum
362 1419 505 1467 uterentur
520 1412 677 1468 dubitantes
693 1426 775 1485 saepe
791 1409 856 1482 quid
878 1407 921 1465 uel
939 1426 992 1481 quo
1015 1408 1110 1465 ordine
1125 1408 1174 1462 de-

223 1494 375 1551 scriberent
391 1495 460 1552 alter
474 1497 528 1552 boc
543 1498 613 1553 alter
628 1496 696 1551 illud
712 1494 836 1568 eligeret,
854 1492 922 1549 alter
938 1493 1054 1549 alterum
1071 1507 1173 1564 seque·
1240 1521 1241 1524 ¹

222 1586 299 1635 retur
314 1597 445 1636 uersuum
461 1582 593 1643 ordinem,
610 1580 681 1636 baud
695 1597 759 1635 raro
776 1587 892 1651 uterque
904 1593 973 1651 quae
988 1577 1044 1651 legi
1059 1578 1173 1632 omnino
1240 1609 1241 1616 .

223 1679 277 1719 non
294 1672 423 1737 poterant
439 1666 579 1721 omitteret
589 1660 647 1737 **).
678 1662 747 1730 Quid
763 1663 847 1719 nero?
870 1679 923 1719 non
940 1663 1039 1718 desunt
1053 1660 1107 1716 loci
1124 1660 1174 1716 ubi

224 1756 370 1821 utramque
394 1749 535 1822 archetypi
560 1749 707 1805 lectionem
732 1747 862 1805 librarius
883 1748 1008 1803 uideatur
1030 1744 1173 1818 amplexus
1240 1753 1241 1786 ἓ

223 1848 293 1888 esse.
326 1832 369 1889 Sic
385 1834 407 1889 H
424 1833 462 1889 19
479 1835 507 1889 in
523 1834 551 1888 E
565 1842 593 1889 ct
608 1833 634 1889 Α
649 1833 752 1905 legitur
772 1832 837 1888 ‘sed
858 1839 981 1888 uetera
1001 1846 1082 1887 sero
1105 1844 1175 1902 que·
1240 1859 1242 1900 t

222 1918 326 1973 rimur'
344 1918 390 1974 nbi
406 1926 453 1973 ant
468 1914 598 1974 ‘uetera'
615 1927 663 1974 aut
678 1917 788 1981 ‘sero',
808 1934 864 1973 non
884 1925 1033 1989 utrumque
1053 1914 1175 1970 admittit
1240 1911 1241 1982 ξ

222 2018 329 2059 uersus.
365 2004 447 2059 huius
463 2004 573 2076 generis
594 2002 675 2076 plura
696 2003 817 2077 exempla
833 2005 860 2057 in
876 2004 904 2056 Ε
924 2002 1069 2074 adparent,
1094 1998 1175 2054 uelut
1240 2057 1241 2062 ,

224 2089 320 2143 hacce:
345 2087 367 2142 H
384 2086 444 2144 688
460 2096 556 2158 errat
571 2086 641 2143 ludit
656 2090 681 2143 Α
700 2088 770 2144 ludit
793 2086 846 2142 ΕΑ
863 2085 944 2141 1157
961 2101 1010 2140 our
1025 2102 1064 2139 en
1080 2084 1109 2137 E
1122 2100 1175 2138 cur
1240 2077 1241 2132 l

224 2172 278 2242 Αφ
294 2171 350 2227 dtr.
363 2173 453 2245 recipe
470 2171 615 2228 admitte
629 2173 659 2227 E
679 2173 805 2247 recipcA
820 2171 875 2226 Pir.
889 2169 928 2224 41
945 2170 1051 2224 concita
1066 2184 1175 2223 cursu

224 2255 341 2314 celerem
357 2252 516 2329 gradumE
543 2274 620 2314 conc.
637 2258 751 2313 celerem
768 2274 809 2329 gr.
826 2255 851 2309 ,4
881 2253 950 2309 bled.
968 2252 1027 2309 769
1050 2250 1175 2307 nemoris

224 2342 330 2414 antiqui
346 2341 450 2398 decus
466 2337 563 2399 domus
579 2343 608 2396 E
628 2359 656 2398 n.
674 2360 696 2397 a.
715 2342 812 2398 domus
828 2340 862 2393 A.
891 2336 944 2391 Scd
958 2336 1041 2391 latius
1056 2336 1111 2389 boo
1125 2350 1177 2406 ge-

224 2443 276 2481 nus
297 2433 381 2499 patct.
416 2425 481 2481 Nam
503 2436 584 2500 poeta
607 2444 668 2483 cum
689 2425 855 2498 aliquotiens
877 2420 988 2476 eandem
1009 2418 1177 2474 sententiam

225 2509 328 2583 duplici
352 2511 433 2566 modo
458 2513 650 2584 expressisset,
681 2508 753 2564 band
779 2522 841 2561 raro
869 2506 970 2560 lactum
998 2511 1039 2559 est
1068 2511 1097 2558 ut
1125 2513 1177 2559 aut

225 2602 372 2667 utrumque
394 2595 473 2651 ambo
496 2594 697 2659 describerent,
724 2592 802 2647 uelut
817 2591 840 2645 H
856 2587 982 2647 50-54
996 2608 1039 2636 =
1053 2586 1094 2645 46
1110 2604 1175 2660 sqq.

225 2675 600 2737 nnn-77:263-71.
631 2674 964 2733 677-82670-1.
996 2671 1178 2729 T1z122=
1240 2731 1241 2750 p

227 2763 289 2835 120
304 2773 366 2827 etc„
382 2773 430 2820 aut
445 2763 560 2819 alterum
576 2762 661 2823 alter,
680 2768 710 2817 ut
725 2760 794 2817 locis
811 2776 893 2832 supra
910 2758 999 2814 allatis
1014 2758 1037 2813 H
1053 2756 1092 2813 36
1110 2773 1173 2829 sqq.
1240 2757 1241 2832 i

227 2848 288 2905 627
305 2848 365 2905 675
383 2865 444 2921 sqq.
466 2844 614 2919 multisque
635 2845 704 2901 aliis.
741 2845 814 2913 Quae
830 2860 892 2901 cum
916 2845 953 2897 ita
968 2842 1036 2905 sint,
1063 2842 1109 2896 nbi
1126 2849 1176 2895 aut
1240 2867 1241 2940 p

224 2931 335 2989 lacunas
357 2930 571 3003 significabimus
594 2938 642 2986 aut
669 2946 767 2985 uersus
789 2931 849 2984 sine
869 2927 1088 3000 transponendos
1113 2926 1175 2980 siue
1240 2953 1241 2990 ;

176 3054 179 3061 -
226 3014 364 3072 eiciendos
388 3016 559 3076 censuimus,
585 3016 687 3070 nemini
708 3013 833 3087 prolecto
855 3028 886 3068 ea
907 3012 1061 3067 uidebimur
1083 3012 1176 3066 omnia
1240 3025 1241 3098 .

295 3178 318 3243 *)
342 3179 436 3230 Simile
462 3178 602 3245 exemplar
622 3179 757 3229 historice
774 3176 911 3228 naturalis
928 3176 1050 3225 Plinium
1072 3174 1176 3224 scimus
1240 3163 1241 3206 ἕ

225 3248 371 3313 reliquisse
395 3245 540 3313 inopinata
562 3252 650 3298 morte
670 3247 838 3313 prohibitum
860 3244 1003 3309 quominus
1020 3242 1098 3293 libris
1115 3243 1177 3291 anis
1240 3279 1241 3312 3

226 3318 352 3367 ultimam
375 3330 484 3367 menum
502 3316 655 3381 inponeret.
725 3312 768 3381 **)
786 3314 864 3363 Idem
880 3312 958 3377 passi
976 3315 1039 3360 sunt
1056 3310 1176 3373 scripto·
1240 3323 1241 3356 3

227 3400 287 3436 rum
303 3384 367 3434 hisi.
380 3384 449 3449 Aug.
464 3383 529 3433 libri
542 3400 609 3449 quos
623 3384 671 3447 qui
683 3383 890 3448 descripserunt
912 3378 998 3429 medii
1015 3377 1078 3428 aevi
1089 3376 1179 3427 homi·

225 3468 276 3502 nes
289 3451 404 3503 lacunas
417 3467 529 3517 prorsus
541 3451 766 3504 dissimulabant.
1240 3453 1241 3462 ¹
