2550 3917
386 210 803 262 rnonurssnnvunnnen.
1010 194 1070 259 121

158 360 275 431 rogante
290 360 385 431 ponat
399 360 502 420 matre,
518 353 644 429 quinon
661 360 705 411 cst
721 352 785 429 pius
1126 365 1178 413 410

156 439 272 517 incipiat
287 455 304 496 a
320 455 379 497 me.
410 435 543 497 feruidos
558 436 681 497 iuuenes
696 453 770 497 anus
1007 490 1010 498 .

157 521 270 587 tenebo.
301 520 416 582 nullum
432 528 507 581 teste
522 540 570 581 me
585 521 636 580 liet
651 519 734 582 nefas
1089 532 1124 581 50

157 615 204 667 aut
219 609 244 666 si
259 603 379 684 aliquod
395 617 424 666 et
439 623 487 665 me
502 613 578 667 teste
594 605 738 666 committi
753 612 850 684 potest

158 709 214 752 non
229 691 282 750 liet
297 708 398 750 uuum.

125 774 146 832 ε’
195 788 276 836 nun.
430 774 520 853 Signa
535 773 661 834 conlatis
674 773 785 834 micant

157 861 252 920 uicina
268 860 369 937 signis,
393 856 505 919 clamor
519 858 635 917 hostilis
649 857 759 919 fremit,

157 943 252 1005 scelus
267 945 299 1003 in
315 944 483 1021 propinquo
500 950 558 1003 est:
575 960 688 1021 occupa
704 949 798 1003 mater
813 960 928 1021 preces.

157 1034 187 1088 et
201 1046 270 1089 ecce
286 1035 382 1088 motos
395 1026 514 1087 fletibus
527 1026 633 1087 credas
648 1029 731 1095 meis,
1091 1054 1123 1102 55

157 1114 198 1173 sic
213 1128 320 1188 agmen
336 1113 427 1171 armis
441 1128 532 1189 segne
548 1114 710 1190 conpositis
724 1112 816 1172 uenit.

156 1197 291 1275 procedit
305 1198 384 1257 acies
399 1196 493 1264 tarda,
509 1195 561 1255 sed
576 1202 741 1275 properant
755 1196 856 1257 duces·

121 1278 145 1337 f'
198 1293 268 1341 100.
292 1280 365 1350 Quis
379 1298 427 1340 me
443 1278 590 1358 procellae
604 1279 726 1341 turbine
740 1282 845 1341 insano
860 1278 973 1341 uehens
1123 1291 1177 1338 455

156 1363 279 1427 nolncer
294 1382 349 1443 per
364 1382 452 1425 auras
467 1372 572 1425 uentus
588 1364 735 1425 aetherias
750 1364 834 1441 aget?
1033 1420 1036 1427 .

157 1467 231 1527 quae
247 1449 360 1527 Sphinx
377 1448 426 1510 nel
441 1457 505 1510 atra
520 1448 600 1509 nube
614 1448 774 1510 subtexens
790 1448 867 1509 diem
1091 1458 1124 1507 60

157 1534 336 1614 Stymphalis
353 1533 450 1593 auidis
465 1541 637 1616 praepetem
653 1534 760 1611 pennis
774 1532 868 1594 lereti

157 1627 208 1679 aut
222 1637 299 1697 quae
314 1613 368 1696 pe'r
383 1617 457 1677 altas
471 1619 548 1678 aeris
562 1619 658 1695 rapiet
674 1619 737 1677 uias

159 1701 287 1782 Harpyia
302 1703 383 1763 saeui
397 1703 478 1779 regis
493 1701 658 1763 obseruans
673 1702 780 1762 samem
944 1738 950 1759 0
1123 1712 1175 1761 425

160 1796 190 1848 51
204 1788 282 1847 inter
297 1787 375 1847 acies
389 1788 515 1864 proiciet
528 1794 644 1864 raptam
660 1786 750 1846 duas?

119 1867 149 1927 e''
203 1884 278 1931 555.
301 1870 386 1931 Vadit
402 1871 511 1931 furenti
525 1870 628 1931 similis
643 1878 693 1931 aut
708 1872 794 1931 etiam
809 1871 889 1931 furit.
1091 1881 1124 1929 65

157 1958 262 2034 sagitta
278 1954 374 2033 qualis
391 1954 524 2033 parthica
539 1954 627 2015 uelox
643 1973 732 2015 manu

157 2058 280 2100 excussa
296 2040 400 2110 fertur,
417 2038 513 2118 qualis
527 2040 631 2099 insano
646 2040 718 2100 ratis

157 2133 312 2203 premente
327 2132 418 2183 uento
433 2126 548 2201 rapitur
562 2131 613 2184 aut
627 2122 720 2201 qualis
736 2123 814 2184 cadit
1121 2135 1177 2185 430

157 2208 277 2285 delapsa
290 2206 376 2268 caelo
390 2206 483 2277 stella,
500 2226 567 2268 curn
583 2210 733 2283 stringens
747 2207 848 2287 polum

158 2302 269 2354 rectam
286 2292 381 2353 citatis
395 2292 514 2369 ignibus
530 2294 642 2369 rumpit
657 2293 751 2351 uiam:
894 2322 917 2365 F,
931 2320 1060 2364 xxxxvn
1091 2303 1124 2351 re

122 2372 147 2429 1”
197 2372 331 2437 'Attonita
347 2394 436 2436 cursu
451 2376 526 2455 fugit
540 2386 570 2437 et
584 2375 669 2436 binas
683 2377 780 2437 statim

158 2461 272 2521 diduxit
287 2462 376 2520 acies.
405 2462 482 2520 uicta
499 2469 630 2522 materna
646 2478 737 2539 prece

156 2545 282 2605 haesere
296 2543 373 2605 bella
389 2546 508 2621 iamque
523 2547 553 2605 in
568 2544 712 2606 alternam
728 2563 832 2610 necem
1121 2560 1177 2609 435

157 2628 236 2689 illinc
251 2637 282 2689 et
295 2630 364 2689 hinc
379 2631 505 2690 miscere
520 2632 675 2709 cupientes
689 2646 795 2690 manus

157 2712 265 2775 librata
281 2712 383 2774 dextra
401 2713 456 2774 tela
472 2731 615 2793 suspensa
630 2721 742 2773 tenent.
910 2742 912 2745 ·
1090 2728 1122 2777 15

158 2800 223 2877 paci
239 2798 366 2872 lauetur,
383 2799 515 2859 omnium
532 2799 645 2859 serrum
661 2798 736 2859 iacet

223 3085 256 3137 51
275 3086 300 3136 si
318 3085 390 3150 quod
407 3086 432 3135 A
451 3086 476 3135 si
494 3085 600 3149 aliquot
617 3084 644 3133 Ε
666 3080 678 3149 ΙΙ
707 3085 739 3135 52
757 3084 976 3135 55155555
993 3087 1073 3137 uerba

158 3154 254 3219 ‘signe
272 3151 328 3218 (52)
346 3180 380 3189 -
397 3168 483 3286 prope
506 3156 563 3203 est'
582 3149 638 3215 (54)
666 3153 752 3202 nuntio
775 3155 821 3203 dot
844 3152 971 3205 Swnbodn
999 3150 1011 3219 Η
1039 3156 1072 3205 57

158 3225 243 3273 nuntio
259 3221 349 3272 1551551
365 3221 416 3272 Bo.
444 3218 449 3285 Ι
485 3223 518 3272 58
540 3218 612 3270 100.
630 3236 678 3273 om.
695 3219 721 3267 E
749 3215 762 3287 ss
789 3221 822 3270 65
841 3226 923 3285 atque
942 3222 1027 3271 etiam
1046 3222 1071 3271 A

158 3290 310 3339 autetiam
329 3296 367 3354 erp
389 3285 402 3355 l}
423 3290 457 3339 69
475 3287 590 3353 delapso
608 3287 634 3335 Ε
657 3284 669 3351 ΙΙ
692 3286 895 3352 1555555115
918 3284 930 3354 ΙΙ
953 3290 986 3340 tu
1002 3291 1071 3339 icm-

158 3371 209 3421 qne
226 3373 298 3408 corr.
316 3373 348 3406 m.
369 3359 386 3407 3
404 3372 440 3406 cx
457 3356 602 3419 omniaque
631 3350 644 3421 ΙΙ
673 3356 706 3406 'lb
723 3355 836 3405 uibrata
853 3355 912 3406 tela
929 3358 1073 3407 continent

157 3422 253 3475 dextre
270 3439 323 3474 555
340 3425 365 3473 Α
394 3424 508 3474 uibrata
530 3424 628 3473 dextra
651 3421 846 3487 telnsuspenra
864 3427 962 3474 tenent
978 3424 1004 3472 E
1027 3424 1070 3473 li-

156 3491 236 3542 brata
254 3493 332 3542 NHe.
359 3487 373 3557 H
400 3492 521 3542 1615151
538 3492 562 3540 Α
585 3489 661 3539 iacet
678 3489 703 3538 E
733 3486 745 3555 ΙΙ
