2550 3917
180 187 242 252 164
456 203 487 249 u.
505 182 639 249 aunam
655 201 812 249 sunnone

175 352 209 403 ut
224 362 275 403 ora
291 344 392 403 iuueni
407 343 490 420 paria
505 341 647 402 Perithoo
664 343 754 420 gerit,

175 430 207 488 ni
221 427 359 506 languido
374 425 487 506 pallore
501 426 663 486 canderent
678 444 772 504 genae

176 522 327 590 staretque
342 519 423 571 recta
441 511 561 588 squalor
577 510 705 571 incultus
721 529 815 570 coma.

141 608 173 660 b⁰
224 597 268 657 En
283 599 347 674 ipse
363 596 497 658 Theseus
512 597 645 661 redditas
660 597 748 655 terris
762 595 853 656 adest.

466 861 632 909 THESEVS.
663 860 805 908 NVTRIX.

219 1019 352 1079 Tandem
367 1019 488 1097 profugi
502 1019 598 1078 noctis
613 1026 751 1077 aeternae
768 1017 884 1096 plagam
992 1093 993 1096 Ἴ

178 1113 321 1183 uastoque
337 1120 440 1163 manes
455 1120 578 1162 carcere
596 1100 786 1162 umbrantem
804 1101 905 1181 polum

178 1199 208 1249 et
221 1189 271 1249 uix
286 1189 417 1267 cupitum
433 1187 579 1247 sufferunt
593 1183 671 1246 oculi
687 1184 773 1245 diem.

144 1301 160 1333 c
201 1274 281 1334 'lam
297 1279 401 1349 quarta
416 1271 537 1332 Eleusin
553 1271 630 1330 dona
645 1269 822 1348 Triptolemi
836 1278 916 1332 secat

178 1375 340 1436 paremque
356 1358 467 1417 totiens
481 1355 557 1416 libra
573 1357 729 1433 conposuit
745 1354 837 1425 diem,

178 1442 335 1519 ambiguus
350 1448 383 1502 ut
397 1459 446 1501 me
461 1440 550 1500 sortis
565 1440 681 1517 ignotae
696 1437 780 1499 labor

179 1528 304 1588 detinuit
318 1526 515 1585 intermortis
531 1532 559 1584 et
573 1526 654 1585 uitae
669 1522 756 1583 mala.

145 1612 168 1670 ε’
223 1610 295 1671 Pars
311 1629 367 1670 una
384 1612 463 1670 uitae
479 1610 586 1669 mansit
600 1609 730 1668 extincto
747 1609 834 1680 mihi,

178 1714 292 1757 seusus.
323 1693 468 1754 malorum
484 1695 551 1753 finis
565 1692 682 1753 Alcides
697 1693 752 1752 luit

179 1782 229 1859 qui
244 1798 312 1840 cum
327 1775 448 1838 reuulso
463 1780 589 1839 Tartaro
605 1777 791 1838 abstraheret
806 1796 909 1838 canem

179 1884 227 1925 me
242 1883 360 1944 quoque
376 1880 521 1940 supernas
535 1863 647 1941 pariter
663 1862 698 1921 ad
714 1862 800 1924 sedes
815 1861 890 1923 tulit.

148 1975 163 2008 o
223 1950 281 2009 Sed
297 1951 375 2008 fessa
390 1950 486 2009 uirtus
500 1947 610 2007 robore
626 1948 844 2024 antiquo-caret
1266 1995 1267 2032 q

126 2042 129 2048 '
180 2032 389 2112 trepidantque
405 2049 535 2108 gressus.
566 2033 626 2092 heu
642 2030 726 2092 lahor
742 2041 869 2111 quantus
884 2032 940 2093 luit
1114 2041 1166 2092 855
1266 2033 1267 2102 ἕ

180 2119 397 2196 Phlegethonte
413 2117 450 2176 ah
465 2119 525 2176 imo
540 2126 644 2193 petere
659 2116 854 2194 longinquum
870 2117 989 2178 aethera

182 2205 355 2283 pariterque
370 2210 496 2261 mortem
513 2200 617 2278 lugere
633 2207 662 2260 et
676 2199 797 2260 Alciden
813 2201 905 2278 sequi.

145 2290 171 2346 e'
226 2287 299 2357 Quis
313 2288 449 2346 lremitus
464 2303 551 2345 aures
566 2282 673 2345 llebilis
689 2282 804 2363 pepulit
818 2288 915 2346 meas?

181 2379 336 2452 expromat
350 2370 465 2450 aliquis.
495 2369 591 2429 luctus
607 2376 636 2429 et
651 2367 790 2430 lacrimae
806 2379 834 2430 et
850 2369 935 2430 dolor

180 2460 209 2518 in
225 2457 327 2518 limine
342 2458 406 2534 ipso
423 2463 533 2516 maesta
549 2451 718 2514 lamentatio
1113 2463 1168 2514 860
1266 2517 1267 2536 χ

180 2542 308 2619 hospitia
324 2542 410 2617 digna
426 2557 551 2616 prorsus
565 2539 682 2598 inferno
697 2538 823 2615 hospite.

146 2635 166 2684 d
226 2639 330 2685 ern.
354 2625 449 2685 'l'enet
464 2622 642 2684 obstinatum
658 2623 792 2683 Phaedra
809 2624 963 2684 eonsilium
979 2624 1059 2684 necis

182 2820 384 2830 .-—-—-—-—

250 2948 299 2995 839
317 2944 443 3009 perithoo
461 2945 485 2991 A
509 2942 669 3006 perithoiR
691 2942 792 3006 piritho
811 2958 826 2992 o
845 2955 858 2992 ε
883 2944 1000 2992 comiti
1017 2943 1099 3007 paria

182 3013 305 3063 Pirithoi
323 3014 355 3062 ci.
376 3012 454 3061 Gran.
473 3007 485 3075 ΙΙ
500 3012 551 3060 840
569 3010 689 3060 candore
707 3009 845 3073 pallerent
863 3009 887 3058 A
906 3011 1014 3076 pallore
1032 3025 1098 3060 can-

184 3082 281 3130 derent
298 3079 323 3128 E
342 3076 354 3143 ΙΙ
378 3077 544 3127 THESEVS
559 3101 566 3115 ·
579 3077 717 3126 NVTRlX
735 3077 785 3127 EA
807 3075 818 3144 Η
841 3078 890 3127 845
909 3083 940 3126 ut
958 3078 982 3128 A
1002 3081 1031 3127 et
1047 3077 1072 3126 E
1090 3075 1098 3142 ll

183 3151 233 3198 846
252 3147 355 3197 eleusio
374 3148 398 3194 A
418 3144 524 3195 eleusin
537 3145 562 3194 E
580 3143 640 3210 (ced
651 3147 698 3195 litt.
713 3147 742 3193 in
755 3163 771 3194 a
783 3162 814 3193 m.
828 3149 844 3194 2
856 3147 882 3194 in
894 3144 959 3208 roa.)
972 3141 984 3211 ΙΙ
996 3150 1098 3209 trepto-

183 3214 249 3265 lemi
267 3214 291 3262 E
314 3211 326 3278 ll
349 3215 397 3263 851
420 3228 525 3263 mersus
543 3213 676 3262 malorum
694 3211 931 3262 finioAmensus
954 3215 977 3262 V
998 3229 1040 3262 un.
1064 3229 1099 3262 eo:

183 3283 250 3333 Pau.
269 3296 367 3330 sensus
380 3295 394 3331 ε
405 3277 417 3347 Η
428 3283 478 3331 852
496 3281 634 3329 reuuloum
653 3284 758 3330 tartaro
777 3280 935 3330 extraheret
946 3280 971 3329 A
990 3279 1100 3330 reuulso

183 3354 291 3398 tartaro
304 3349 479 3398 abstraheret
490 3348 516 3396 Ε
527 3345 539 3413 ll
551 3351 601 3399 860
613 3354 642 3397 et
654 3347 699 3410 (al.
708 3345 749 3411 in)
762 3346 855 3398 limine
870 3349 898 3396 in
908 3348 968 3411 ipso
978 3352 1099 3410 meatem

185 3421 214 3465 et
230 3417 326 3465 limine
343 3417 404 3481 ipso
422 3420 504 3465 uasta
522 3431 541 3464 οι
559 3417 588 3463 in
604 3414 699 3464 limine
718 3417 777 3479 ipso
796 3421 883 3481 mesta
901 3415 926 3462 Ε
948 3412 959 3480 ΙΙ
983 3416 1032 3466 861
1050 3415 1099 3464 ho·

184 3484 270 3548 spitia
289 3485 329 3534 eA
350 3484 486 3547 auspicia
504 3484 535 3531 ci.
557 3483 635 3536 Gron.
659 3479 671 3546 [l
699 3521 703 3536 „
