<?xml version="1.0" encoding="UTF-8"?>
<!DOCTYPE html PUBLIC "-//W3C//DTD XHTML 1.0 Transitional//EN"
    "http://www.w3.org/TR/xhtml1/DTD/xhtml1-transitional.dtd">
<html xmlns="http://www.w3.org/1999/xhtml" xml:lang="en" lang="en">
 <head>
  <title>
</title>
<meta http-equiv="Content-Type" content="text/html;charset=utf-8" />
  <meta name='ocr-system' content='tesseract 3.04.00' />
  <meta name='ocr-capabilities' content='ocr_page ocr_carea ocr_par ocr_line ocrx_word'/>
</head>
<body>
  <div class='ocr_page' id='page_1' title='image "./lannaeisenecaet00richgoog_0124.png"; bbox 0 0 2550 3917; ppageno 0'>
   <div class='ocr_carea' id='block_1_1' title="bbox 538 178 1084 245">
    <p class='ocr_par' dir='ltr' id='par_1_1' title="bbox 538 178 1084 245">
     <span class='ocr_line' id='line_1_1' title="bbox 538 178 1084 245; baseline 0 -2"><span class='ocrx_word' id='word_1_1' title='bbox 538 194 717 244; x_wconf 80' lang='lat' dir='ltr'><strong>rnrnsrns</strong></span> <span class='ocrx_word' id='word_1_2' title='bbox 1046 178 1084 245; x_wconf 80' lang='grc'><strong>11</strong></span> 
     </span>
    </p>
   </div>
   <div class='ocr_carea' id='block_1_2' title="bbox 106 335 1191 2194">
    <p class='ocr_par' dir='ltr' id='par_1_2' title="bbox 128 335 1191 738">
     <span class='ocr_line' id='line_1_2' title="bbox 128 335 1191 406; baseline -0.005 -7"><span class='ocrx_word' id='word_1_3' title='bbox 128 354 149 406; x_wconf 82' lang='lat' dir='ltr'>k</span> <span class='ocrx_word' id='word_1_4' title='bbox 210 350 284 399; x_wconf 73' lang='lat' dir='ltr'><strong>sar.</strong></span> <span class='ocrx_word' id='word_1_5' title='bbox 458 380 461 387; x_wconf 83' lang='lat'>-</span> <span class='ocrx_word' id='word_1_6' title='bbox 520 335 898 397; x_wconf 82' lang='lat' dir='ltr'><strong>Hanciraudemsclent</strong></span> <span class='ocrx_word' id='word_1_7' title='bbox 1058 346 1191 389; x_wconf 74' lang='lat' dir='ltr'><strong>ccxxssss</strong></span> 
     </span>
     <span class='ocr_line' id='line_1_3' title="bbox 164 424 381 502; baseline 0 -19"><span class='ocrx_word' id='word_1_8' title='bbox 164 425 244 502; x_wconf 82' lang='lat' dir='ltr'><strong>gnati</strong></span> <span class='ocrx_word' id='word_1_9' title='bbox 259 424 381 501; x_wconf 85' lang='lat' dir='ltr'><strong>panarii</strong></span> 
     </span>
     <span class='ocr_line' id='line_1_4' title="bbox 165 506 799 567; baseline 0 0"><span class='ocrx_word' id='word_1_10' title='bbox 165 522 243 567; x_wconf 74' lang='lat' dir='ltr'><strong>arn.</strong></span> <span class='ocrx_word' id='word_1_11' title='bbox 403 507 492 567; x_wconf 88' lang='lat' dir='ltr'><strong>tacita</strong></span> <span class='ocrx_word' id='word_1_12' title='bbox 510 514 568 567; x_wconf 85' lang='lat' dir='ltr'><strong>tarn</strong></span> <span class='ocrx_word' id='word_1_13' title='bbox 586 506 710 567; x_wconf 84' lang='lat' dir='ltr'><strong>rudibus</strong></span> <span class='ocrx_word' id='word_1_14' title='bbox 725 506 799 567; x_wconf 87' lang='lat' dir='ltr'><strong>fides</strong></span> 
     </span>
     <span class='ocr_line' id='line_1_5' title="bbox 165 590 836 668; baseline -0.004 -16"><span class='ocrx_word' id='word_1_15' title='bbox 165 611 226 654; x_wconf 90' lang='lat' dir='ltr'><strong>non</strong></span> <span class='ocrx_word' id='word_1_16' title='bbox 242 600 287 653; x_wconf 88' lang='lat' dir='ltr'><strong>est</strong></span> <span class='ocrx_word' id='word_1_17' title='bbox 300 594 331 651; x_wconf 90' lang='lat' dir='ltr'><strong>ln</strong></span> <span class='ocrx_word' id='word_1_18' title='bbox 347 592 447 665; x_wconf 86' lang='lat' dir='ltr'><strong>annis,</strong></span> <span class='ocrx_word' id='word_1_19' title='bbox 463 592 602 668; x_wconf 82' lang='lat' dir='ltr'><strong>detegent</strong></span> <span class='ocrx_word' id='word_1_20' title='bbox 617 590 717 652; x_wconf 79' lang='lat' dir='ltr'><strong>forsan</strong></span> <span class='ocrx_word' id='word_1_21' title='bbox 735 590 836 652; x_wconf 88' lang='lat' dir='ltr'><strong>dolos:</strong></span> 
     </span>
     <span class='ocr_line' id='line_1_6' title="bbox 165 675 728 738; baseline -0.002 -1"><span class='ocrx_word' id='word_1_22' title='bbox 165 689 266 738; x_wconf 90' lang='lat' dir='ltr'><strong>tacere</strong></span> <span class='ocrx_word' id='word_1_23' title='bbox 281 675 380 737; x_wconf 86' lang='lat' dir='ltr'><strong>multis</strong></span> <span class='ocrx_word' id='word_1_24' title='bbox 396 676 523 737; x_wconf 75' lang='lat' dir='ltr'>discitur</span> <span class='ocrx_word' id='word_1_25' title='bbox 536 678 614 735; x_wconf 84' lang='lat' dir='ltr'><strong>uitae</strong></span> <span class='ocrx_word' id='word_1_26' title='bbox 632 675 728 736; x_wconf 86' lang='lat' dir='ltr'><strong>malis.</strong></span> 
     </span>
    </p>

    <p class='ocr_par' dir='ltr' id='par_1_3' title="bbox 106 758 1155 840">
     <span class='ocr_line' id='line_1_7' title="bbox 106 758 1155 840; baseline -0.007 -15"><span class='ocrx_word' id='word_1_27' title='bbox 106 764 153 825; x_wconf 40' lang='lat' dir='ltr'><strong>‘k&#39;</strong></span> <span class='ocrx_word' id='word_1_28' title='bbox 209 774 285 821; x_wconf 73' lang='lat' dir='ltr'><strong>sar.</strong></span> <span class='ocrx_word' id='word_1_29' title='bbox 311 761 468 840; x_wconf 85' lang='lat' dir='ltr'><strong>Ipsosque,</strong></span> <span class='ocrx_word' id='word_1_30' title='bbox 484 779 539 840; x_wconf 89' lang='lat' dir='ltr'><strong>per</strong></span> <span class='ocrx_word' id='word_1_31' title='bbox 554 776 630 839; x_wconf 88' lang='lat' dir='ltr'><strong>quos</strong></span> <span class='ocrx_word' id='word_1_32' title='bbox 645 759 782 821; x_wconf 90' lang='lat' dir='ltr'><strong>lallere</strong></span> <span class='ocrx_word' id='word_1_33' title='bbox 797 758 887 820; x_wconf 84' lang='lat' dir='ltr'><strong>aliurn</strong></span> <span class='ocrx_word' id='word_1_34' title='bbox 903 760 1025 837; x_wconf 79' lang='lat' dir='ltr'><strong>cogitas,</strong></span> <span class='ocrx_word' id='word_1_35' title='bbox 1103 776 1155 825; x_wconf 76' lang='lat'><strong>³20</strong></span> 
     </span>
    </p>

    <p class='ocr_par' dir='ltr' id='par_1_4' title="bbox 167 843 972 1094">
     <span class='ocr_line' id='line_1_8' title="bbox 167 843 834 924; baseline -0.004 -16"><span class='ocrx_word' id='word_1_36' title='bbox 167 849 181 908; x_wconf 89' lang='lat' dir='ltr'><strong>l</strong></span> <span class='ocrx_word' id='word_1_37' title='bbox 185 846 290 917; x_wconf 90' lang='lat' dir='ltr'><strong>alles,</strong></span> <span class='ocrx_word' id='word_1_38' title='bbox 307 853 340 905; x_wconf 88' lang='lat' dir='ltr'><strong>nt</strong></span> <span class='ocrx_word' id='word_1_39' title='bbox 354 847 409 923; x_wconf 90' lang='lat' dir='ltr'><strong>ipsi</strong></span> <span class='ocrx_word' id='word_1_40' title='bbox 425 848 549 906; x_wconf 88' lang='lat' dir='ltr'><strong>crimine</strong></span> <span class='ocrx_word' id='word_1_41' title='bbox 565 852 594 905; x_wconf 90' lang='lat' dir='ltr'><strong>et</strong></span> <span class='ocrx_word' id='word_1_42' title='bbox 609 843 695 924; x_wconf 89' lang='lat' dir='ltr'><strong>culpa</strong></span> <span class='ocrx_word' id='word_1_43' title='bbox 710 846 834 905; x_wconf 80' lang='lat' dir='ltr'><strong>uacent?</strong></span> 
     </span>
     <span class='ocr_line' id='line_1_9' title="bbox 168 928 972 1007; baseline -0.002 -17"><span class='ocrx_word' id='word_1_44' title='bbox 168 945 246 991; x_wconf 75' lang='lat' dir='ltr'><strong>arn.</strong></span> <span class='ocrx_word' id='word_1_45' title='bbox 276 930 344 1007; x_wconf 85' lang='lat' dir='ltr'><strong>quid</strong></span> <span class='ocrx_word' id='word_1_46' title='bbox 361 932 440 990; x_wconf 88' lang='lat' dir='ltr'><strong>enirn</strong></span> <span class='ocrx_word' id='word_1_47' title='bbox 455 946 578 991; x_wconf 86' lang='lat' dir='ltr'><strong>necesse</strong></span> <span class='ocrx_word' id='word_1_48' title='bbox 594 936 639 991; x_wconf 90' lang='lat' dir='ltr'><strong>est</strong></span> <span class='ocrx_word' id='word_1_49' title='bbox 655 930 768 990; x_wconf 91' lang='lat' dir='ltr'><strong>liberos</strong></span> <span class='ocrx_word' id='word_1_50' title='bbox 783 928 888 990; x_wconf 90' lang='lat' dir='ltr'><strong>sceleri</strong></span> <span class='ocrx_word' id='word_1_51' title='bbox 905 946 972 990; x_wconf 89' lang='lat' dir='ltr'><strong>rneo</strong></span> 
     </span>
     <span class='ocr_line' id='line_1_10' title="bbox 167 1013 942 1094; baseline -0.001 -19"><span class='ocrx_word' id='word_1_52' title='bbox 167 1016 316 1076; x_wconf 77' lang='lat' dir='ltr'><strong>inserere?</strong></span> <span class='ocrx_word' id='word_1_53' title='bbox 337 1032 391 1094; x_wconf 90' lang='lat' dir='ltr'><strong>per</strong></span> <span class='ocrx_word' id='word_1_54' title='bbox 406 1032 462 1074; x_wconf 93' lang='lat' dir='ltr'><strong>nos</strong></span> <span class='ocrx_word' id='word_1_55' title='bbox 477 1013 542 1075; x_wconf 88' lang='lat' dir='ltr'><strong>odia</strong></span> <span class='ocrx_word' id='word_1_56' title='bbox 559 1032 591 1075; x_wconf 88' lang='lat' dir='ltr'><strong>se</strong></span> <span class='ocrx_word' id='word_1_57' title='bbox 606 1026 707 1074; x_wconf 87' lang='lat' dir='ltr'><strong>nostra</strong></span> <span class='ocrx_word' id='word_1_58' title='bbox 723 1014 883 1093; x_wconf 79' lang='lat' dir='ltr'><strong>explicent.</strong></span> <span class='ocrx_word' id='word_1_59' title='bbox 901 1048 942 1057; x_wconf 89' lang='lat'>-</span> 
     </span>
    </p>

    <p class='ocr_par' dir='ltr' id='par_1_5' title="bbox 139 1099 885 1601">
     <span class='ocr_line' id='line_1_11' title="bbox 139 1099 885 1177; baseline -0.004 -16"><span class='ocrx_word' id='word_1_60' title='bbox 139 1113 152 1161; x_wconf 82' lang='lat' dir='ltr'><strong>i</strong></span> <span class='ocrx_word' id='word_1_61' title='bbox 213 1099 288 1161; x_wconf 88' lang='lat' dir='ltr'><strong>Male</strong></span> <span class='ocrx_word' id='word_1_62' title='bbox 305 1101 382 1177; x_wconf 84' lang='lat' dir='ltr'><strong>agis,</strong></span> <span class='ocrx_word' id='word_1_63' title='bbox 399 1099 515 1160; x_wconf 81' lang='lat' dir='ltr'>recedis</span> <span class='ocrx_word' id='word_1_64' title='bbox 531 1101 637 1160; x_wconf 88' lang='lat' dir='ltr'><strong>aninre.</strong></span> <span class='ocrx_word' id='word_1_65' title='bbox 666 1100 690 1158; x_wconf 92' lang='lat' dir='ltr'><strong>si</strong></span> <span class='ocrx_word' id='word_1_66' title='bbox 706 1101 804 1177; x_wconf 86' lang='lat' dir='ltr'><strong>parcis</strong></span> <span class='ocrx_word' id='word_1_67' title='bbox 817 1100 885 1169; x_wconf 87' lang='lat' dir='ltr'><strong>tuis,</strong></span> 
     </span>
     <span class='ocr_line' id='line_1_12' title="bbox 168 1183 826 1265; baseline -0.005 -19"><span class='ocrx_word' id='word_1_68' title='bbox 168 1203 274 1265; x_wconf 82' lang='lat' dir='ltr'><strong>parces</strong></span> <span class='ocrx_word' id='word_1_69' title='bbox 290 1191 319 1245; x_wconf 85' lang='lat' dir='ltr'><strong>et</strong></span> <span class='ocrx_word' id='word_1_70' title='bbox 333 1183 405 1244; x_wconf 91' lang='lat' dir='ltr'><strong>illis:</strong></span> <span class='ocrx_word' id='word_1_71' title='bbox 429 1183 532 1244; x_wconf 89' lang='lat' dir='ltr'><strong>consili</strong></span> <span class='ocrx_word' id='word_1_72' title='bbox 548 1185 751 1261; x_wconf 79' lang='lat' dir='ltr'>Agamemnon</span> <span class='ocrx_word' id='word_1_73' title='bbox 767 1185 826 1245; x_wconf 90' lang='lat' dir='ltr'><strong>mei</strong></span> 
     </span>
     <span class='ocr_line' id='line_1_13' title="bbox 168 1269 731 1347; baseline -0.005 -18"><span class='ocrx_word' id='word_1_74' title='bbox 168 1272 264 1330; x_wconf 83' lang='lat' dir='ltr'><strong>sciens</strong></span> <span class='ocrx_word' id='word_1_75' title='bbox 280 1270 414 1330; x_wconf 83' lang='lat' dir='ltr'><strong>minister</strong></span> <span class='ocrx_word' id='word_1_76' title='bbox 429 1269 480 1329; x_wconf 87' lang='lat' dir='ltr'><strong>fiat</strong></span> <span class='ocrx_word' id='word_1_77' title='bbox 495 1276 524 1329; x_wconf 89' lang='lat' dir='ltr'><strong>et</strong></span> <span class='ocrx_word' id='word_1_78' title='bbox 539 1269 616 1347; x_wconf 85' lang='lat' dir='ltr'><strong>patri</strong></span> <span class='ocrx_word' id='word_1_79' title='bbox 633 1270 731 1329; x_wconf 89' lang='lat' dir='ltr'><strong>sciens</strong></span> 
     </span>
     <span class='ocr_line' id='line_1_14' title="bbox 168 1352 768 1432; baseline -0.003 -17"><span class='ocrx_word' id='word_1_80' title='bbox 168 1352 318 1415; x_wconf 80' lang='lat' dir='ltr'><strong>Menelaus</strong></span> <span class='ocrx_word' id='word_1_81' title='bbox 333 1355 412 1414; x_wconf 91' lang='lat' dir='ltr'><strong>assit.</strong></span> <span class='ocrx_word' id='word_1_82' title='bbox 440 1353 532 1432; x_wconf 87' lang='lat' dir='ltr'><strong>prolis</strong></span> <span class='ocrx_word' id='word_1_83' title='bbox 548 1356 680 1414; x_wconf 75' lang='lat' dir='ltr'><strong>incertae</strong></span> <span class='ocrx_word' id='word_1_84' title='bbox 694 1353 768 1413; x_wconf 88' lang='lat' dir='ltr'><strong>lides</strong></span> 
     </span>
     <span class='ocr_line' id='line_1_15' title="bbox 168 1433 845 1516; baseline -0.004 -17"><span class='ocrx_word' id='word_1_85' title='bbox 168 1458 204 1499; x_wconf 79' lang='lat' dir='ltr'><strong>ex</strong></span> <span class='ocrx_word' id='word_1_86' title='bbox 219 1439 277 1499; x_wconf 91' lang='lat' dir='ltr'><strong>hoc</strong></span> <span class='ocrx_word' id='word_1_87' title='bbox 292 1445 408 1516; x_wconf 90' lang='lat' dir='ltr'><strong>petatur</strong></span> <span class='ocrx_word' id='word_1_88' title='bbox 424 1438 547 1499; x_wconf 88' lang='lat' dir='ltr'><strong>scelere.</strong></span> <span class='ocrx_word' id='word_1_89' title='bbox 575 1440 599 1498; x_wconf 94' lang='lat' dir='ltr'><strong>si</strong></span> <span class='ocrx_word' id='word_1_90' title='bbox 615 1437 692 1499; x_wconf 90' lang='lat' dir='ltr'><strong>bella</strong></span> <span class='ocrx_word' id='word_1_91' title='bbox 709 1433 845 1497; x_wconf 78' lang='lat' dir='ltr'><strong>abn&#39;uunt</strong></span> 
     </span>
     <span class='ocr_line' id='line_1_16' title="bbox 169 1522 867 1601; baseline -0.004 -17"><span class='ocrx_word' id='word_1_92' title='bbox 169 1531 197 1584; x_wconf 89' lang='lat' dir='ltr'><strong>et</strong></span> <span class='ocrx_word' id='word_1_93' title='bbox 212 1542 318 1601; x_wconf 80' lang='lat' dir='ltr'><strong>gerere</strong></span> <span class='ocrx_word' id='word_1_94' title='bbox 333 1522 437 1584; x_wconf 85' lang='lat' dir='ltr'><strong>nolunt</strong></span> <span class='ocrx_word' id='word_1_95' title='bbox 452 1524 528 1594; x_wconf 87' lang='lat' dir='ltr'><strong>odia,</strong></span> <span class='ocrx_word' id='word_1_96' title='bbox 540 1525 570 1583; x_wconf 81' lang='lat' dir='ltr'><strong>si</strong></span> <span class='ocrx_word' id='word_1_97' title='bbox 585 1530 726 1601; x_wconf 87' lang='lat' dir='ltr'><strong>patruum</strong></span> <span class='ocrx_word' id='word_1_98' title='bbox 741 1530 867 1583; x_wconf 81' lang='lat' dir='ltr'><strong>uocant:</strong></span> 
     </span>
    </p>

    <p class='ocr_par' dir='ltr' id='par_1_6' title="bbox 144 1615 444 1697">
     <span class='ocr_line' id='line_1_17' title="bbox 144 1615 444 1697; baseline -0.007 -28"><span class='ocrx_word' id='word_1_99' title='bbox 144 1676 152 1697; x_wconf 49' lang='grc' dir='ltr'><strong><em>Ι</em></strong></span> <span class='ocrx_word' id='word_1_100' title='bbox 170 1615 253 1687; x_wconf 87' lang='lat' dir='ltr'><strong>pater</strong></span> <span class='ocrx_word' id='word_1_101' title='bbox 269 1615 322 1669; x_wconf 80' lang='lat' dir='ltr'><strong>est</strong></span> <span class='ocrx_word' id='word_1_102' title='bbox 352 1615 444 1669; x_wconf 84' lang='lat' dir='ltr'><strong>eatur.</strong></span> 
     </span>
    </p>

    <p class='ocr_par' dir='ltr' id='par_1_7' title="bbox 133 1687 1003 2194">
     <span class='ocr_line' id='line_1_18' title="bbox 133 1687 885 1771; baseline -0.004 -17"><span class='ocrx_word' id='word_1_103' title='bbox 133 1687 141 1701; x_wconf 87' lang='grc'><strong>’</strong></span> <span class='ocrx_word' id='word_1_104' title='bbox 487 1692 577 1755; x_wconf 86' lang='lat' dir='ltr'><strong>Multa</strong></span> <span class='ocrx_word' id='word_1_105' title='bbox 594 1692 646 1755; x_wconf 89' lang='lat' dir='ltr'><strong>sed</strong></span> <span class='ocrx_word' id='word_1_106' title='bbox 662 1692 794 1771; x_wconf 84' lang='lat' dir='ltr'><strong>trepidus</strong></span> <span class='ocrx_word' id='word_1_107' title='bbox 809 1689 885 1752; x_wconf 90' lang='lat' dir='ltr'><strong>solet</strong></span> 
     </span>
     <span class='ocr_line' id='line_1_19' title="bbox 157 1776 863 1856; baseline -0.003 -17"><span class='ocrx_word' id='word_1_108' title='bbox 157 1779 310 1856; x_wconf 59' lang='lat' dir='ltr'><strong>‚detegere</strong></span> <span class='ocrx_word' id='word_1_109' title='bbox 325 1776 440 1845; x_wconf 86' lang='lat' dir='ltr'><strong>uultus,</strong></span> <span class='ocrx_word' id='word_1_110' title='bbox 457 1796 563 1856; x_wconf 80' lang='lat' dir='ltr'><strong>magna</strong></span> <span class='ocrx_word' id='word_1_111' title='bbox 578 1777 728 1839; x_wconf 86' lang='lat' dir='ltr'><strong>nolentem</strong></span> <span class='ocrx_word' id='word_1_112' title='bbox 744 1794 863 1855; x_wconf 86' lang='lat' dir='ltr'><strong>quoqne</strong></span> 
     </span>
     <span class='ocr_line' id='line_1_20' title="bbox 169 1862 808 1941; baseline -0.005 -18"><span class='ocrx_word' id='word_1_113' title='bbox 169 1862 289 1923; x_wconf 83' lang='lat' dir='ltr'><strong>consilia</strong></span> <span class='ocrx_word' id='word_1_114' title='bbox 307 1862 451 1940; x_wconf 85' lang='lat' dir='ltr'><strong>produnt:</strong></span> <span class='ocrx_word' id='word_1_115' title='bbox 470 1864 605 1923; x_wconf 83' lang='lat' dir='ltr'><strong>nesciant</strong></span> <span class='ocrx_word' id='word_1_116' title='bbox 620 1868 748 1941; x_wconf 85' lang='lat' dir='ltr'><strong>quantae</strong></span> <span class='ocrx_word' id='word_1_117' title='bbox 763 1863 808 1921; x_wconf 91' lang='lat' dir='ltr'><strong>rei</strong></span> 
     </span>
     <span class='ocr_line' id='line_1_21' title="bbox 168 1943 834 2025; baseline -0.003 -17"><span class='ocrx_word' id='word_1_118' title='bbox 168 1948 239 2008; x_wconf 87' lang='lat' dir='ltr'><strong>fiant</strong></span> <span class='ocrx_word' id='word_1_119' title='bbox 254 1947 390 2008; x_wconf 88' lang='lat' dir='ltr'><strong>ministri.</strong></span> <span class='ocrx_word' id='word_1_120' title='bbox 420 1954 520 2007; x_wconf 87' lang='lat' dir='ltr'><strong>nostra</strong></span> <span class='ocrx_word' id='word_1_121' title='bbox 537 1956 568 2007; x_wconf 89' lang='lat' dir='ltr'><strong>tu</strong></span> <span class='ocrx_word' id='word_1_122' title='bbox 585 1953 689 2025; x_wconf 84' lang='lat' dir='ltr'><strong>coepta</strong></span> <span class='ocrx_word' id='word_1_123' title='bbox 706 1943 834 2007; x_wconf 86' lang='lat' dir='ltr'><strong>occulos.</strong></span> 
     </span>
     <span class='ocr_line' id='line_1_22' title="bbox 169 2031 1003 2107; baseline -0.001 -15"><span class='ocrx_word' id='word_1_124' title='bbox 169 2046 242 2093; x_wconf 80' lang='lat' dir='ltr'><strong>sar.</strong></span> <span class='ocrx_word' id='word_1_125' title='bbox 271 2031 350 2091; x_wconf 83' lang='lat' dir='ltr'><strong>lraud</strong></span> <span class='ocrx_word' id='word_1_126' title='bbox 367 2048 433 2091; x_wconf 88' lang='lat' dir='ltr'><strong>sum</strong></span> <span class='ocrx_word' id='word_1_127' title='bbox 449 2031 628 2091; x_wconf 88' lang='lat' dir='ltr'><strong>monendus:</strong></span> <span class='ocrx_word' id='word_1_128' title='bbox 645 2033 700 2091; x_wconf 88' lang='lat' dir='ltr'><strong>ista</strong></span> <span class='ocrx_word' id='word_1_129' title='bbox 715 2037 818 2091; x_wconf 87' lang='lat' dir='ltr'><strong>nostro</strong></span> <span class='ocrx_word' id='word_1_130' title='bbox 834 2032 863 2089; x_wconf 91' lang='lat' dir='ltr'><strong>in</strong></span> <span class='ocrx_word' id='word_1_131' title='bbox 880 2036 1003 2107; x_wconf 87' lang='lat' dir='ltr'><strong>pectore</strong></span> 
     </span>
     <span class='ocr_line' id='line_1_23' title="bbox 168 2114 829 2194; baseline -0.003 -17"><span class='ocrx_word' id='word_1_132' title='bbox 168 2116 241 2178; x_wconf 83' lang='lat' dir='ltr'><strong>tides</strong></span> <span class='ocrx_word' id='word_1_133' title='bbox 258 2118 421 2194; x_wconf 88' lang='lat' dir='ltr'><strong>timorque,</strong></span> <span class='ocrx_word' id='word_1_134' title='bbox 437 2115 489 2177; x_wconf 90' lang='lat' dir='ltr'><strong>sed</strong></span> <span class='ocrx_word' id='word_1_135' title='bbox 505 2118 599 2193; x_wconf 81' lang='lat' dir='ltr'><strong>magis</strong></span> <span class='ocrx_word' id='word_1_136' title='bbox 615 2114 733 2176; x_wconf 87' lang='lat' dir='ltr'><strong>claudet</strong></span> <span class='ocrx_word' id='word_1_137' title='bbox 747 2114 829 2175; x_wconf 86' lang='lat' dir='ltr'><strong>fides.</strong></span> 
     </span>
    </p>
   </div>
   <div class='ocr_carea' id='block_1_3' title="bbox 497 2296 666 2347">
    <p class='ocr_par' dir='ltr' id='par_1_8' title="bbox 497 2296 666 2347">
     <span class='ocr_line' id='line_1_24' title="bbox 497 2296 666 2347; baseline -0.012 0"><span class='ocrx_word' id='word_1_138' title='bbox 497 2336 501 2347; x_wconf 93' lang='lat'>.</span> <span class='ocrx_word' id='word_1_139' title='bbox 529 2296 666 2345; x_wconf 84' lang='lat' dir='ltr'>CHORVS</span> 
     </span>
    </p>
   </div>
   <div class='ocr_carea' id='block_1_4' title="bbox 323 2400 771 2655">
    <p class='ocr_par' dir='ltr' id='par_1_9' title="bbox 323 2400 771 2655">
     <span class='ocr_line' id='line_1_25' title="bbox 328 2400 713 2485; baseline 0 -22"><span class='ocrx_word' id='word_1_140' title='bbox 328 2400 478 2485; x_wconf 81' lang='lat' dir='ltr'><strong>[Tandem</strong></span> <span class='ocrx_word' id='word_1_141' title='bbox 493 2406 581 2479; x_wconf 65' lang='lat' dir='ltr'><strong>recia</strong></span> <span class='ocrx_word' id='word_1_142' title='bbox 596 2406 713 2477; x_wconf 74' lang='lat' dir='ltr'><strong>nobilis,</strong></span> 
     </span>
     <span class='ocr_line' id='line_1_26' title="bbox 326 2490 691 2565; baseline 0.003 -18"><span class='ocrx_word' id='word_1_143' title='bbox 326 2492 448 2565; x_wconf 79' lang='lat' dir='ltr'><strong>antiqui</strong></span> <span class='ocrx_word' id='word_1_144' title='bbox 458 2506 554 2563; x_wconf 72' lang='lat' dir='ltr'><strong>qenes</strong></span> <span class='ocrx_word' id='word_1_145' title='bbox 568 2490 691 2563; x_wconf 82' lang='lat' dir='ltr'><strong>Inncii,</strong></span> 
     </span>
     <span class='ocr_line' id='line_1_27' title="bbox 323 2566 771 2655; baseline 0.004 -24"><span class='ocrx_word' id='word_1_146' title='bbox 323 2572 462 2647; x_wconf 78' lang='lat' dir='ltr'><strong>fratrum</strong></span> <span class='ocrx_word' id='word_1_147' title='bbox 477 2577 635 2649; x_wconf 80' lang='lat' dir='ltr'><strong>conposuit</strong></span> <span class='ocrx_word' id='word_1_148' title='bbox 649 2566 771 2655; x_wconf 78' lang='lat' dir='ltr'><strong>minas]</strong></span> 
     </span>
    </p>
   </div>
   <div class='ocr_carea' id='block_1_5' title="bbox 135 2740 1158 2905">
    <p class='ocr_par' dir='ltr' id='par_1_10' title="bbox 135 2740 1158 2905">
     <span class='ocr_line' id='line_1_28' title="bbox 135 2740 752 2820; baseline 0.002 -21"><span class='ocrx_word' id='word_1_149' title='bbox 135 2764 153 2799; x_wconf 78' lang='lat' dir='ltr'><strong>a</strong></span> <span class='ocrx_word' id='word_1_150' title='bbox 368 2742 441 2813; x_wconf 83' lang='lat' dir='ltr'><strong>Quis</strong></span> <span class='ocrx_word' id='word_1_151' title='bbox 456 2760 510 2801; x_wconf 90' lang='lat' dir='ltr'><strong>uos</strong></span> <span class='ocrx_word' id='word_1_152' title='bbox 526 2740 653 2820; x_wconf 84' lang='lat' dir='ltr'><strong>exagitat</strong></span> <span class='ocrx_word' id='word_1_153' title='bbox 667 2742 752 2801; x_wconf 90' lang='lat' dir='ltr'><strong>furor</strong></span> 
     </span>
     <span class='ocr_line' id='line_1_29' title="bbox 326 2825 1158 2905; baseline 0.004 -20"><span class='ocrx_word' id='word_1_154' title='bbox 326 2825 447 2887; x_wconf 87' lang='lat' dir='ltr'><strong>alternis</strong></span> <span class='ocrx_word' id='word_1_155' title='bbox 462 2826 533 2888; x_wconf 85' lang='lat' dir='ltr'><strong>dare</strong></span> <span class='ocrx_word' id='word_1_156' title='bbox 549 2827 722 2905; x_wconf 87' lang='lat' dir='ltr'><strong>sanguinem</strong></span> <span class='ocrx_word' id='word_1_157' title='bbox 1109 2839 1158 2890; x_wconf 78' lang='lat'><strong>340</strong></span> 
     </span>
    </p>
   </div>
   <div class='ocr_carea' id='block_1_6' title="bbox 169 2990 1091 3470">
    <p class='ocr_par' dir='ltr' id='par_1_11' title="bbox 169 2990 1091 3470">
     <span class='ocr_line' id='line_1_30' title="bbox 239 2990 1089 3061; baseline -0.002 -13"><span class='ocrx_word' id='word_1_158' title='bbox 239 2996 290 3048; x_wconf 83' lang='lat'><strong>317</strong></span> <span class='ocrx_word' id='word_1_159' title='bbox 318 2996 399 3047; x_wconf 76' lang='grc' dir='ltr'><strong>ΛΤΒ.</strong></span> <span class='ocrx_word' id='word_1_160' title='bbox 418 2995 444 3044; x_wconf 99' lang='grc' dir='ltr'><em>Ε</em></span> <span class='ocrx_word' id='word_1_161' title='bbox 465 3011 513 3046; x_wconf 88' lang='lat' dir='ltr'><strong>orn.</strong></span> <span class='ocrx_word' id='word_1_162' title='bbox 532 2998 558 3046; x_wconf 90' lang='lat' dir='ltr'><em>A</em></span> <span class='ocrx_word' id='word_1_163' title='bbox 595 2990 607 3061; x_wconf 84' lang='grc' dir='ltr'><strong>Ι]</strong></span> <span class='ocrx_word' id='word_1_164' title='bbox 654 2996 704 3046; x_wconf 84' lang='grc'><strong>319</strong></span> <span class='ocrx_word' id='word_1_165' title='bbox 727 2993 808 3043; x_wconf 76' lang='lat' dir='ltr'><strong>Arta.</strong></span> <span class='ocrx_word' id='word_1_166' title='bbox 832 2996 928 3044; x_wconf 85' lang='lat' dir='ltr'><strong>tacere</strong></span> <span class='ocrx_word' id='word_1_167' title='bbox 947 2994 973 3043; x_wconf 98' lang='lat' dir='ltr'><em>A</em></span> <span class='ocrx_word' id='word_1_168' title='bbox 1007 2991 1089 3046; x_wconf 79' lang='grc' dir='ltr'><strong>ΑΤΕ.</strong></span> 
     </span>
     <span class='ocr_line' id='line_1_31' title="bbox 169 3058 1091 3131; baseline -0.005 -15"><span class='ocrx_word' id='word_1_169' title='bbox 169 3082 217 3119; x_wconf 88' lang='lat' dir='ltr'><strong>om.</strong></span> <span class='ocrx_word' id='word_1_170' title='bbox 231 3065 257 3115; x_wconf 83' lang='lat' dir='ltr'><em>E</em></span> <span class='ocrx_word' id='word_1_171' title='bbox 281 3061 294 3131; x_wconf 86' lang='grc' dir='ltr'><strong>ΙΙ</strong></span> <span class='ocrx_word' id='word_1_172' title='bbox 317 3066 367 3115; x_wconf 79' lang='lat'><strong>320</strong></span> <span class='ocrx_word' id='word_1_173' title='bbox 384 3065 496 3127; x_wconf 84' lang='lat' dir='ltr'><strong>ipsosne</strong></span> <span class='ocrx_word' id='word_1_174' title='bbox 510 3066 535 3113; x_wconf 98' lang='lat' dir='ltr'><em>A</em></span> <span class='ocrx_word' id='word_1_175' title='bbox 558 3064 690 3129; x_wconf 86' lang='lat' dir='ltr'><strong>ipsosque</strong></span> <span class='ocrx_word' id='word_1_176' title='bbox 702 3062 728 3111; x_wconf 87' lang='grc' dir='ltr'><em>Ε</em></span> <span class='ocrx_word' id='word_1_177' title='bbox 752 3058 764 3127; x_wconf 90' lang='grc' dir='ltr'><strong>ΙΙ</strong></span> <span class='ocrx_word' id='word_1_178' title='bbox 791 3064 841 3113; x_wconf 81' lang='lat'><strong>321</strong></span> <span class='ocrx_word' id='word_1_179' title='bbox 859 3061 944 3111; x_wconf 82' lang='lat' dir='ltr'><strong>falles</strong></span> <span class='ocrx_word' id='word_1_180' title='bbox 962 3061 1042 3111; x_wconf 76' lang='grc' dir='ltr'><strong>ΛΤΒ.</strong></span> <span class='ocrx_word' id='word_1_181' title='bbox 1061 3065 1091 3111; x_wconf 78' lang='lat' dir='ltr'><strong>et</strong></span> 
     </span>
     <span class='ocr_line' id='line_1_32' title="bbox 170 3124 1091 3199; baseline -0.004 -16"><span class='ocrx_word' id='word_1_182' title='bbox 170 3134 226 3199; x_wconf 85' lang='lat' dir='ltr'><strong>ipsi</strong></span> <span class='ocrx_word' id='word_1_183' title='bbox 244 3134 272 3184; x_wconf 89' lang='lat' dir='ltr'><em>A</em></span> <span class='ocrx_word' id='word_1_184' title='bbox 299 3131 383 3181; x_wconf 83' lang='lat' dir='ltr'><strong>falles</strong></span> <span class='ocrx_word' id='word_1_185' title='bbox 401 3135 432 3179; x_wconf 87' lang='lat' dir='ltr'><strong>ut</strong></span> <span class='ocrx_word' id='word_1_186' title='bbox 449 3131 504 3195; x_wconf 79' lang='lat' dir='ltr'><strong>ipsi</strong></span> <span class='ocrx_word' id='word_1_187' title='bbox 522 3130 548 3179; x_wconf 94' lang='grc' dir='ltr'><em>Ε</em></span> <span class='ocrx_word' id='word_1_188' title='bbox 575 3128 587 3196; x_wconf 79' lang='grc' dir='ltr'>Η</span> <span class='ocrx_word' id='word_1_189' title='bbox 617 3132 668 3182; x_wconf 78' lang='lat'><strong>325</strong></span> <span class='ocrx_word' id='word_1_190' title='bbox 691 3130 735 3180; x_wconf 92' lang='lat' dir='ltr'><strong>illi</strong></span> <span class='ocrx_word' id='word_1_191' title='bbox 752 3131 778 3179; x_wconf 88' lang='lat' dir='ltr'><em>A</em></span> <span class='ocrx_word' id='word_1_192' title='bbox 806 3129 863 3179; x_wconf 83' lang='lat' dir='ltr'><strong>illis</strong></span> <span class='ocrx_word' id='word_1_193' title='bbox 881 3128 907 3179; x_wconf 94' lang='grc' dir='ltr'><em>Ε</em></span> <span class='ocrx_word' id='word_1_194' title='bbox 935 3124 947 3195; x_wconf 81' lang='lat' dir='ltr'>ss</span> <span class='ocrx_word' id='word_1_195' title='bbox 976 3130 1026 3180; x_wconf 77' lang='lat'><strong>326</strong></span> <span class='ocrx_word' id='word_1_196' title='bbox 1048 3130 1091 3179; x_wconf 90' lang='lat' dir='ltr'><strong>in-</strong></span> 
     </span>
     <span class='ocr_line' id='line_1_33' title="bbox 170 3196 1046 3263; baseline -0.006 -12"><span class='ocrx_word' id='word_1_197' title='bbox 170 3203 266 3252; x_wconf 82' lang='lat' dir='ltr'><strong>sciens</strong></span> <span class='ocrx_word' id='word_1_198' title='bbox 285 3199 311 3249; x_wconf 94' lang='grc' dir='ltr'><em>Ε</em></span> <span class='ocrx_word' id='word_1_199' title='bbox 337 3199 428 3249; x_wconf 84' lang='lat' dir='ltr'><strong>sciens</strong></span> <span class='ocrx_word' id='word_1_200' title='bbox 446 3200 471 3249; x_wconf 88' lang='lat' dir='ltr'><em>A</em></span> <span class='ocrx_word' id='word_1_201' title='bbox 509 3196 522 3263; x_wconf 89' lang='grc' dir='ltr'><strong>ΙΙ</strong></span> <span class='ocrx_word' id='word_1_202' title='bbox 550 3200 639 3263; x_wconf 81' lang='lat' dir='ltr'><strong>petris</strong></span> <span class='ocrx_word' id='word_1_203' title='bbox 658 3198 746 3248; x_wconf 82' lang='lat' dir='ltr'><strong>cliens</strong></span> <span class='ocrx_word' id='word_1_204' title='bbox 763 3199 790 3248; x_wconf 90' lang='lat' dir='ltr'><em>A</em></span> <span class='ocrx_word' id='word_1_205' title='bbox 816 3198 893 3262; x_wconf 87' lang='lat' dir='ltr'><strong>patri</strong></span> <span class='ocrx_word' id='word_1_206' title='bbox 911 3198 1003 3247; x_wconf 77' lang='lat' dir='ltr'><strong>sciens</strong></span> <span class='ocrx_word' id='word_1_207' title='bbox 1020 3197 1046 3246; x_wconf 94' lang='grc' dir='ltr'><em>Ε</em></span> 
     </span>
     <span class='ocr_line' id='line_1_34' title="bbox 170 3262 1047 3332; baseline -0.009 -12"><span class='ocrx_word' id='word_1_208' title='bbox 170 3268 221 3320; x_wconf 80' lang='lat'><strong>328</strong></span> <span class='ocrx_word' id='word_1_209' title='bbox 241 3268 289 3332; x_wconf 90' lang='lat' dir='ltr'><strong>qui</strong></span> <span class='ocrx_word' id='word_1_210' title='bbox 306 3266 382 3317; x_wconf 85' lang='lat' dir='ltr'><strong>bella</strong></span> <span class='ocrx_word' id='word_1_211' title='bbox 399 3266 423 3315; x_wconf 93' lang='grc' dir='ltr'><em>Ε</em></span> <span class='ocrx_word' id='word_1_212' title='bbox 445 3267 469 3315; x_wconf 91' lang='lat' dir='ltr'><strong>si</strong></span> <span class='ocrx_word' id='word_1_213' title='bbox 485 3268 512 3316; x_wconf 90' lang='lat' dir='ltr'><strong>b.</strong></span> <span class='ocrx_word' id='word_1_214' title='bbox 530 3267 556 3317; x_wconf 88' lang='lat' dir='ltr'><em>A</em></span> <span class='ocrx_word' id='word_1_215' title='bbox 591 3262 603 3332; x_wconf 81' lang='grc' dir='ltr'><strong>ΙΙ</strong></span> <span class='ocrx_word' id='word_1_216' title='bbox 638 3268 688 3316; x_wconf 84' lang='grc'><strong>329</strong></span> <span class='ocrx_word' id='word_1_217' title='bbox 705 3266 871 3329; x_wconf 86' lang='lat' dir='ltr'><strong>petrnnmA</strong></span> <span class='ocrx_word' id='word_1_218' title='bbox 892 3268 1003 3330; x_wconf 82' lang='lat' dir='ltr'><strong>petrum</strong></span> <span class='ocrx_word' id='word_1_219' title='bbox 1020 3264 1047 3312; x_wconf 96' lang='grc' dir='ltr'><em>Ε</em></span> 
     </span>
     <span class='ocr_line' id='line_1_35' title="bbox 170 3330 1091 3400; baseline -0.007 -13"><span class='ocrx_word' id='word_1_220' title='bbox 170 3340 222 3387; x_wconf 89' lang='grc'><strong>333</strong></span> <span class='ocrx_word' id='word_1_221' title='bbox 241 3334 340 3386; x_wconf 88' lang='lat' dir='ltr'><strong>occule</strong></span> <span class='ocrx_word' id='word_1_222' title='bbox 358 3337 400 3385; x_wconf 84' lang='lat' dir='ltr'><strong>ael</strong></span> <span class='ocrx_word' id='word_1_223' title='bbox 416 3333 496 3383; x_wconf 88' lang='lat' dir='ltr'><strong>ocule</strong></span> <span class='ocrx_word' id='word_1_224' title='bbox 509 3336 535 3384; x_wconf 89' lang='lat' dir='ltr'><em>A</em></span> <span class='ocrx_word' id='word_1_225' title='bbox 558 3333 670 3384; x_wconf 85' lang='lat' dir='ltr'><strong>occules</strong></span> <span class='ocrx_word' id='word_1_226' title='bbox 688 3334 713 3383; x_wconf 93' lang='grc' dir='ltr'><em>Ε</em></span> <span class='ocrx_word' id='word_1_227' title='bbox 736 3330 749 3400; x_wconf 78' lang='lat' dir='ltr'><strong>ll</strong></span> <span class='ocrx_word' id='word_1_228' title='bbox 771 3335 822 3385; x_wconf 84' lang='grc'><strong>335</strong></span> <span class='ocrx_word' id='word_1_229' title='bbox 841 3332 947 3383; x_wconf 86' lang='lat' dir='ltr'><strong>claudit</strong></span> <span class='ocrx_word' id='word_1_230' title='bbox 964 3333 991 3383; x_wconf 89' lang='lat' dir='ltr'><em>A</em></span> <span class='ocrx_word' id='word_1_231' title='bbox 1015 3330 1091 3381; x_wconf 85' lang='lat' dir='ltr'><strong>clau-</strong></span> 
     </span>
     <span class='ocr_line' id='line_1_36' title="bbox 170 3400 1090 3470; baseline -0.005 -17"><span class='ocrx_word' id='word_1_232' title='bbox 170 3404 218 3455; x_wconf 83' lang='lat' dir='ltr'><strong>det</strong></span> <span class='ocrx_word' id='word_1_233' title='bbox 236 3418 251 3454; x_wconf 91' lang='grc' dir='ltr'>ε</span> <span class='ocrx_word' id='word_1_234' title='bbox 275 3404 287 3470; x_wconf 88' lang='grc' dir='ltr'><strong>ΙΙ</strong></span> <span class='ocrx_word' id='word_1_235' title='bbox 312 3400 455 3453; x_wconf 82' lang='lat' dir='ltr'><strong>CHORVS</strong></span> <span class='ocrx_word' id='word_1_236' title='bbox 474 3402 525 3452; x_wconf 85' lang='lat' dir='ltr'><em>EA</em></span> <span class='ocrx_word' id='word_1_237' title='bbox 549 3400 561 3469; x_wconf 84' lang='grc' dir='ltr'><strong>ΙΙ</strong></span> <span class='ocrx_word' id='word_1_238' title='bbox 584 3402 720 3452; x_wconf 86' lang='grc'>336-338</span> <span class='ocrx_word' id='word_1_239' title='bbox 738 3403 802 3453; x_wconf 83' lang='lat' dir='ltr'><strong>eieci</strong></span> <span class='ocrx_word' id='word_1_240' title='bbox 813 3400 904 3451; x_wconf 75' lang='lat' dir='ltr'><strong>abhoc</strong></span> <span class='ocrx_word' id='word_1_241' title='bbox 916 3402 971 3451; x_wconf 86' lang='lat' dir='ltr'><strong>loco</strong></span> <span class='ocrx_word' id='word_1_242' title='bbox 984 3401 1090 3451; x_wconf 79' lang='lat' dir='ltr'><strong>alienos.</strong></span> 
     </span>
    </p>
   </div>
   <div class='ocr_carea' id='block_1_7' title="bbox 175 3464 939 3535">
    <p class='ocr_par' dir='ltr' id='par_1_12' title="bbox 175 3464 939 3535">
     <span class='ocr_line' id='line_1_37' title="bbox 175 3464 939 3535; baseline -0.007 -12"><span class='ocrx_word' id='word_1_243' title='bbox 175 3474 272 3523; x_wconf 83' lang='lat' dir='ltr'><strong>Verum</strong></span> <span class='ocrx_word' id='word_1_244' title='bbox 295 3472 390 3520; x_wconf 82' lang='lat' dir='ltr'><strong>initium</strong></span> <span class='ocrx_word' id='word_1_245' title='bbox 408 3472 527 3520; x_wconf 70' lang='lat' dir='ltr'><strong>coracinis</strong></span> <span class='ocrx_word' id='word_1_246' title='bbox 545 3470 677 3535; x_wconf 80' lang='lat' dir='ltr'><strong>abreptam</strong></span> <span class='ocrx_word' id='word_1_247' title='bbox 695 3486 750 3520; x_wconf 79' lang='lat' dir='ltr'><strong>esee</strong></span> <span class='ocrx_word' id='word_1_248' title='bbox 772 3470 897 3534; x_wconf 77' lang='lat' dir='ltr'><strong>suspicor.</strong></span> <span class='ocrx_word' id='word_1_249' title='bbox 927 3464 939 3533; x_wconf 86' lang='grc' dir='ltr'><strong>ΙΙ</strong></span> 
     </span>
    </p>
   </div>
   <div class='ocr_carea' id='block_1_8' title="bbox 0 0 1290 3917">
    <p class='ocr_par' dir='ltr' id='par_1_13' title="bbox 0 0 1290 3917">
     <span class='ocr_line' id='line_1_38' title="bbox 0 0 1290 3917; baseline 0 0"><span class='ocrx_word' id='word_1_250' title='bbox 0 0 1290 3917; x_wconf 95' lang='lat' dir='ltr'><strong> </strong></span> 
     </span>
    </p>
   </div>
  </div>
 </body>
</html>
