2550 3917
514 259 518 265 .
538 195 688 243 cunrrvs

239 333 364 394 flexerat
379 353 465 412 quam
482 352 541 394 non
560 368 732 380 ·····
750 371 790 380 -

239 437 347 479 uomer
362 426 413 480 aut
427 420 504 480 tardi
519 421 587 496 iuga
603 437 695 480 curua
711 419 849 498 plaustri,

309 505 508 582 inauspicatos
523 504 653 565 deseruit
669 505 752 582 fugas

310 607 479 668 nomenque
495 590 576 666 genti
591 589 628 650 de
645 588 722 650 boue
737 589 867 650 tradidit.

286 757 433 835 Tempore
448 777 483 818 ex
499 757 551 818 illo
567 776 645 819 noua
660 768 791 819 monstra
807 731 925 837 semper

240 841 366 918 protulit
380 841 467 903 tellus
485 876 658 888 ·····
676 878 712 886 ..

479 951 493 986 t
581 952 596 988 t
685 955 699 986 a

351 1095 421 1155 Aut
436 1097 540 1174 anguis
554 1097 621 1157 imis
636 1096 763 1158 uallibus
779 1098 874 1159 editus

308 1197 420 1240 annosa
436 1196 532 1259 supra·
541 1182 651 1241 robora
668 1181 765 1243 sibilat

308 1282 457 1344 supraque
472 1266 561 1344 pinus
577 1300 615 1309 -
634 1299 641 1311 ·
660 1299 667 1312 ·
683 1303 726 1313 -
743 1299 749 1311 ·
765 1300 808 1311 -

239 1366 329 1427 supra
345 1349 483 1410 chaonias
499 1350 604 1412 celsior
621 1351 743 1411 arbores

240 1435 334 1494 erexit
350 1466 356 1479 ·
376 1467 382 1479 ·
398 1469 440 1476 —
455 1434 626 1496 caeruleum
643 1443 745 1514 caput,

240 1537 309 1579 cum
326 1520 438 1580 maiore
453 1521 497 1580 sui
513 1528 598 1598 parte
614 1520 811 1581 recumberet.

111 1689 139 1748 δ’
350 1688 489 1749 Autieta
507 1687 648 1749 tellus-
665 1721 671 1734 ·
690 1721 696 1734 ·
713 1726 755 1733 -
772 1721 778 1734 .
795 1724 837 1735 .-

307 1773 419 1851 *inpio
433 1779 521 1851 partu
566 1795 580 1830 e
625 1796 640 1833 e

307 1856 409 1918 effudit
425 1875 563 1917 arma-
581 1890 671 1902 ··-
689 1890 695 1902 .
713 1893 752 1900 ..

238 1942 718 2003 -·———-scnuitrellex0

239 2024 393 2086 classicum
409 2044 502 2087 cornu
517 2025 664 2104 lituusque
680 2027 795 2088 adunco

110 2204 139 2254 Ε
243 2197 329 2266 Quam
344 2216 400 2254 non
415 2199 527 2257 llexerat
543 2217 638 2257 uomer
654 2208 701 2256 aut
719 2199 787 2256 tardi

238 2284 305 2357 luga
322 2301 405 2339 curua
419 2285 535 2358 plaustri

238 2369 365 2424 Deseruit
380 2369 459 2443 iuges
474 2385 630 2442 nomenque
646 2371 722 2444 genti

239 2453 410 2526 luauspieata
425 2453 457 2508 de
474 2453 544 2510 boue
559 2455 679 2510 tradidit.

240 2538 376 2611 Tempore
391 2555 423 2594 ex
438 2537 486 2593 illo
502 2555 573 2595 noua
588 2547 712 2595 monstra
728 2553 836 2612 semper

238 2621 359 2679 Protulit
375 2623 466 2678 tellus.
497 2630 544 2678 aut
559 2626 657 2696 anguis
675 2625 736 2679 imis

239 2706 362 2763 Vallihus
378 2707 467 2763 editus
483 2724 584 2763 annosa
600 2725 681 2782 supra

239 2791 348 2847 Robora
363 2791 455 2848 sibilat
470 2800 638 2866 superatque
655 2795 736 2866 pinus

238 2875 327 2949 Supra
342 2877 471 2933 cbaouias
487 2877 588 2934 celsior
603 2877 715 2934 arbores

238 2959 332 3018 Erexit
347 2962 487 3035 ceruleum
503 2970 586 3035 caput
652 2973 654 2976 ·

239 3045 305 3101 Cum
320 3048 424 3102 maiore
439 3048 481 3102 sui
497 3055 576 3119 parte
591 3047 763 3104 recumberet

238 3134 293 3186 Aut
308 3130 361 3186 seta
380 3129 461 3205 tellus
477 3133 561 3204 impio
578 3140 657 3205 partu

239 3214 342 3271 Effudit
357 3232 430 3271 arma
486 3258 493 3298 1

240 3299 338 3356 Sonuit
352 3299 453 3357 reilero
470 3302 603 3357 cassicum
619 3318 705 3357 cornu

223 3415 271 3465 ⁷37
295 3430 320 3478 q.
339 3430 365 3464 n.
383 3416 410 3465 fl.
433 3412 436 3478 l
457 3431 483 3464 u.
503 3432 529 3466 a,
549 3420 568 3467 t.
588 3416 607 3463 i.
627 3431 650 3465 c.
670 3415 788 3480 plaustri
807 3415 831 3464 Α
861 3410 873 3480 Η
903 3416 951 3466 745
974 3431 1071 3481 supra-

154 3496 207 3546 que
228 3478 276 3547 All
288 3484 337 3532 747
357 3481 519 3533 Caeruleum
540 3484 627 3533 erexit
647 3499 669 3535 c.
687 3484 715 3536 A
739 3479 750 3549 ΙΙ
