2550 3917
202 165 266 232 394
591 178 734 228 lucrari

167 347 182 381 e
331 319 394 380 Osi
410 324 529 398 pateant
544 327 701 399 pectora
717 317 841 390 ditum.

287 414 412 484 quantos
427 406 505 465 intus
521 403 656 464 sublimis
672 412 739 480 agat

285 490 404 551 fortuna
421 496 551 549 metus.
583 487 692 548 bruttia
708 505 780 547 coro

285 574 422 654 pulsante
438 573 546 634 fretum
563 573 659 634 lenior
675 572 753 633 unda
769 580 822 634 est.

287 677 397 720 aurea
414 660 517 719 miscet
532 657 668 736 pocula
684 659 814 734 sanguis.

329 828 488 888 Pectora
504 844 648 906 pauper
663 844 768 888 secura
784 826 860 905 gerit

286 919 367 972 tenet
384 922 413 973 et
427 911 526 991 patilla
543 910 676 990 pocula
693 913 777 990 lage,

288 997 340 1058 sed
357 1015 415 1057 uon
432 997 547 1076 trepida
566 1003 647 1057 tenet
660 994 709 1056 illa
725 1013 823 1056 manu.

287 1084 383 1160 carpit
398 1073 498 1143 faciles
514 1081 646 1161 uilesque
656 1081 759 1156 ciboS,

288 1166 338 1227 sed
357 1184 416 1226 nou
432 1167 550 1241 strictos
565 1167 689 1244 respicit
703 1183 799 1227 enses.

331 1335 464 1396 Coniunx
480 1335 597 1396 modico
613 1343 703 1413 nupta
720 1336 828 1396 marito

289 1438 346 1479 non
364 1420 506 1498 disposito
523 1419 601 1481 clara
618 1418 720 1480 monili

288 1513 385 1583 gestat
401 1504 497 1583 pelagi
514 1505 590 1565 dona
607 1504 742 1566 rubentis

288 1607 343 1650 nec
359 1591 549 1668 gemmiferas
568 1589 696 1650 detrabit
711 1605 800 1650 aures

288 1673 362 1752 lapis
378 1692 441 1736 eoa
458 1673 579 1734 lectus
595 1675 625 1733 in
643 1674 722 1735 unda

188 1843 195 1863 '
331 1841 393 1902 Nec
411 1844 524 1904 sidonio
541 1843 638 1904 mollis
654 1862 728 1904 aeuo

288 1929 413 2006 repetita
429 1927 504 1987 bibit
519 1927 586 1988 lana
602 1927 721 1990 ruboris

287 2030 343 2072 nee
359 2013 492 2074 maeonia
509 2013 664 2090 distinguit
678 2031 732 2074 acu

290 2115 364 2174 quae
379 2095 521 2174 phoebeis
536 2097 671 2158 subditus
687 2100 767 2158 euris

288 2180 381 2260 legit
397 2183 474 2242 eois
490 2182 545 2241 Ser
562 2181 728 2243 arboribus.

333 2349 487 2420 Quaelibet
501 2350 613 2412 herbae
629 2353 744 2412 tinxere
761 2350 841 2411 colos

290 2451 362 2512 quas
377 2435 512 2496 indoctae
528 2453 638 2496 neuere
655 2453 775 2504 manus,

289 2602 340 2663 sed
357 2621 416 2663 non
433 2603 540 2664 dubios
555 2607 637 2666 louet
652 2604 701 2666 illa
717 2614 809 2665 toros.

172 2774 192 2833 7
333 2772 471 2852 Sequitur
487 2774 550 2835 dira
566 2773 702 2853 lampade
717 2775 825 2851 Erinys

290 2875 415 2935 quarum
431 2857 534 2937 populi
551 2858 670 2919 coluere
686 2858 773 2918 dieat.

273 3061 322 3111 653
343 3062 403 3127 agit
415 3060 455 3110 εΑ
476 3064 543 3124 agat
555 3061 577 3110 ll
588 3056 600 3127 Η
612 3063 662 3112 655
680 3060 768 3110 lenior
785 3060 811 3110 E
829 3061 922 3110 mitior
935 3061 959 3110 A
975 3049 1038 3125 post
1054 3061 1081 3113 lt.
1098 3077 1124 3110 o.

205 3130 327 3196 reuocari
344 3146 368 3178 a.
382 3129 430 3180 661
443 3124 455 3194 ΙΙ
467 3129 515 3178 657
535 3132 612 3178 tenet
631 3145 645 3178 e
665 3128 761 3194 patula
779 3129 805 3179 A
823 3133 844 3178 t.
859 3131 887 3178 et
905 3145 933 3193 p.
952 3129 975 3178 R
993 3133 1013 3178 t.
1027 3128 1126 3193 patula

206 3193 265 3258 (om.
285 3212 299 3246 e
318 3199 359 3246 uel
377 3195 414 3259 et)
434 3196 460 3245 Ε
482 3192 494 3261 ll
517 3197 567 3246 658
585 3196 636 3246 illa
654 3195 679 3246 E
701 3198 763 3260 ipsa
782 3198 807 3246 A
825 3197 885 3261 ipse
903 3197 926 3246 R
937 3212 954 3260 p
977 3191 989 3263 ss
1012 3197 1063 3247 668
1082 3212 1126 3245 ru-

205 3262 280 3313 boris
298 3265 345 3314 red
361 3267 446 3314 statim
461 3281 505 3328 pr.
524 3280 555 3313 m.
575 3267 681 3314 cantauit
699 3265 724 3314 E
742 3265 855 3315 rubores
874 3265 899 3315 A
921 3259 934 3332 ΙΙ
954 3266 1003 3315 671
1021 3264 1127 3330 Legat

205 3332 295 3382 uiliore
314 3347 332 3380 α
349 3327 361 3396 [l
380 3332 524 3383 arboribus
543 3346 586 3382 ser
605 3333 631 3381 E
650 3331 700 3382 Ser
719 3333 865 3383 arboribus
884 3333 909 3382 A
927 3347 1005 3383 seres
1024 3332 1084 3384 arb.
1103 3339 1126 3395 ψ

206 3411 288 3461 seges
308 3399 364 3452 arb.
382 3395 491 3464 911672
511 3399 586 3449 colos
604 3398 638 3449 E¹
653 3402 678 3450 A
694 3396 706 3466 Η
722 3407 781 3450 ante
799 3417 823 3449 u.
844 3403 894 3452 674
916 3402 1035 3450 interisse
1054 3415 1127 3450 onum

206 3480 231 3511 u.
249 3466 370 3515 indicaui.
395 3462 407 3530 ll
430 3468 479 3517 676
499 3467 619 3528 Quarum
638 3467 687 3529 Εψ
707 3467 837 3528 Quorum
856 3483 875 3517 α
899 3464 911 3534 ΙΙ
