2550 3917
200 190 261 253 122
477 205 509 251 n.
526 204 660 252 iunior
676 203 833 255 sunnone

136 390 143 400 -
199 354 333 409 cessatue
347 351 468 414 tectum,
484 344 583 405 uibrat
598 345 626 403 in
643 344 768 406 fratrum
785 362 882 405 manu.

167 460 186 493 a
241 432 361 492 Laniata
377 447 464 490 canas
480 437 574 491 mater
589 430 717 490 ostendit
732 447 840 498 comae,
1170 449 1225 495 410

199 525 285 595 rogat
298 515 471 584 abnuentes,
487 516 595 592 inrigat
608 512 679 574 fletu
695 531 794 591 genas.

199 618 309 678 negare
325 601 412 660 matri
427 602 477 679 qui
492 599 542 659 diu
559 598 681 670 dubitat,
699 606 804 677 potest.
1136 614 1168 663 80

170 804 189 836 a
243 782 312 830 loc.
334 768 367 828 ln
383 785 431 828 me
446 786 527 828 arma
545 776 573 828 et
587 769 672 845 ignes
687 770 802 829 uertite.
830 770 861 827 in
876 786 924 829 me
940 770 1036 831 omnis
1050 779 1118 831 ruat

199 872 287 916 unam
304 856 441 914 iuuentus
455 870 591 932 quaeque
607 852 644 912 ab
661 852 775 912 inachio
791 853 872 914 uenit

199 940 330 999 animosa
346 956 431 997 muro
447 955 581 1016 quaeque
597 935 725 997 thebana
741 937 825 998 ferox
1167 951 1221 999 445

197 1023 353 1084 descendit
368 1040 446 1083 arce.
471 1023 543 1082 ciuis
559 1029 647 1100 atquc
662 1022 757 1082 hostis
773 1020 860 1082 simul

199 1109 278 1167 hunc
293 1109 383 1184 petite
399 1113 535 1167 uentrem
550 1108 602 1183 qui
616 1106 697 1165 dedit
712 1106 819 1166 fratres
835 1108 911 1169 uiro.
1133 1118 1166 1167 85

199 1192 273 1252 haec
288 1191 421 1252 membra
437 1192 546 1267 passim
562 1190 691 1268 spargite
708 1208 742 1250 ac
757 1190 905 1252 diuellite:

200 1293 254 1352 ego
270 1285 428 1353 utrumque
443 1276 558 1353 peperi.
589 1275 696 1351 ponitis
712 1275 823 1334 ferrum
840 1276 939 1337 ocius?

200 1379 237 1420 an
253 1360 320 1420 dico
337 1368 367 1420 et
381 1377 416 1419 ex
433 1360 509 1438 quoi
533 1358 670 1420 dexteras
684 1363 794 1419 matri
811 1360 903 1421 date.
1168 1372 1221 1418 450

163 1454 188 1511 a'
244 1444 401 1506 linteolum
417 1446 484 1523 piae
499 1450 576 1503 sunt.
608 1461 695 1503 error
710 1445 819 1504 inuitos
835 1444 932 1506 adlruc

203 1530 273 1589 fecit
288 1536 438 1598 nocentes,
455 1546 542 1589 omne
557 1528 695 1588 fortunae
710 1528 764 1589 fuit
1135 1539 1168 1587 90

201 1616 352 1692 peccantis
367 1615 396 1673 in
412 1630 466 1672 nos
482 1613 609 1672 crimen:
627 1612 684 1673 linc
698 1614 829 1691 primum
845 1610 929 1674 nefa's

200 1699 277 1758 inter
293 1700 420 1758 scientes
435 1699 558 1773 geritur.
589 1696 618 1755 in
634 1705 732 1757 uestra
748 1716 838 1758 manu
853 1707 898 1759 est

200 1790 299 1842 utrum
316 1781 423 1841 uelitis.
454 1789 555 1840 sancta
571 1782 595 1839 si
610 1782 704 1857 pictas
719 1780 830 1858 placet,

200 1866 337 1926 donate
353 1872 504 1925 matrem
519 1882 602 1943 pace.
634 1866 659 1925 si
673 1864 784 1943 placuit
799 1865 909 1938 scelus,

200 1951 294 2010 maius
309 1957 444 2029 paratum
461 1958 519 2009 est:
530 1949 632 2010 media
649 1969 681 2011 se
697 1952 820 2027 opponit
834 1969 952 2029 parens.

199 2034 325 2113 proinde
341 2033 451 2094 bellum
467 2033 558 2094 tollite
573 2041 623 2093 aut
639 2032 710 2094 belli
724 2052 847 2095 moram.

169 2154 187 2185 a
243 2117 372 2179 Sollicita
388 2119 437 2178 cui
452 2136 531 2179 nunc
546 2125 642 2178 mater
657 2117 769 2179 alterna
786 2136 876 2196 prece
934 2158 937 2163 ,

200 2202 293 2263 uerba
309 2202 493 2263 admonebo?
516 2204 624 2263 misera
639 2220 727 2282 quem
743 2202 906 2283 amplectar
920 2205 1023 2283 prius?

200 2290 231 2347 in
247 2295 532 2366 utramquepartem
548 2288 642 2348 ‹lucor
658 2287 775 2347 adfectu
789 2291 864 2365 pari.

200 2371 250 2431 hic
265 2373 345 2442 afuit,
362 2372 413 2433 sed
430 2380 514 2450 pacta
531 2374 555 2432 si
570 2373 696 2432 fratrum
713 2370 820 2441 ualent,

201 2475 281 2517 nunc
296 2456 369 2522 alter
385 2456 488 2517 aberit.
520 2473 591 2533 ergo
606 2458 664 2515 iam
681 2474 842 2534 numquam
858 2457 933 2519 duos

201 2544 258 2602 nisi
273 2542 316 2601 sic
331 2540 460 2601 uidebo?
483 2543 571 2619 iunge
587 2539 748 2619 conplexus
763 2542 847 2618 prior

270 2748 301 2795 77
325 2748 471 2808 cessetque
494 2761 515 2793 ω
545 2748 682 2793 cesonino
706 2743 782 2793 NHa.
812 2738 825 2809 {l
853 2743 939 2794 telum
957 2745 982 2793 A
1012 2748 1117 2795 tectum

203 2813 250 2878 Εψ
277 2809 291 2879 ss
319 2814 353 2862 80
375 2814 537 2862 continuatur
553 2826 649 2861 scaena
666 2813 692 2860 in
710 2810 735 2859 E
763 2826 854 2860 nouom
870 2812 960 2863 statuit
978 2813 1003 2862 A
1033 2809 1045 2878 ll
1074 2813 1117 2863 Io·

201 2885 288 2931 caste.
307 2880 456 2943 Polynices
469 2879 493 2927 A
506 2875 518 2944 ΙΙ
533 2880 566 2928 82
577 2894 640 2928 nna
657 2888 680 2944 ψ
697 2881 709 2943 Η
724 2880 758 2929 84
775 2878 919 2930 descendit
931 2880 956 2929 A
975 2880 1045 2930 disc.
1058 2880 1083 2929 E
1095 2877 1106 2945 ΙΙ

202 2950 279 2997 ciues
303 2951 387 3010 atque
410 2946 504 2995 hostes
526 2946 551 2994 Ε
587 2946 657 2995 cinis
681 2962 706 2995 a.
730 2946 816 2996 hostio
838 2948 863 2997 A
901 2944 912 3013 ΙΙ
950 2948 983 2998 86
1012 2962 1074 2997 mea
1092 2950 1116 2999 A

201 3016 272 3064 haec
289 3014 314 3062 E
337 3010 349 3078 ΙΙ
371 3014 407 3064 88·
423 3012 575 3079 an'dieop
593 3031 626 3064 ac
644 3013 669 3066 d.
690 3026 723 3063 αε
745 3009 757 3079 ΙΙ
781 3013 892 3065 dextras
911 3016 1117 3081 metridatem

199 3082 331 3131 dexteras
353 3081 416 3145 lege
440 3077 507 3143 (ind.
530 3097 583 3132 err.
607 3082 705 3148 matri)
728 3080 803 3131 datis
828 3098 846 3133 α
884 3082 1013 3134 dexteros
1035 3085 1118 3134 metri

200 3149 265 3199 dote
284 3148 309 3197 Ε
332 3144 345 3213 ΙΙ
373 3150 404 3198 91
422 3148 452 3196 in
468 3164 518 3198 uoo
536 3151 560 3199 A
584 3151 613 3199 in
630 3166 681 3201 noa
699 3159 736 3214 εψ
760 3146 771 3215 ΙΙ
799 3153 832 3201 94
850 3150 951 3201 donate
969 3152 1051 3202 matri
1067 3167 1117 3217 pa-

200 3232 262 3266 cem
280 3233 302 3265 ω
320 3216 345 3265 d.
363 3220 479 3265 matrem
497 3232 568 3281 paee
587 3234 606 3267 α
623 3219 649 3270 d.
669 3218 752 3268 matri
769 3223 858 3282 pacta
876 3220 909 3272 L.
922 3219 1041 3271 Mueller.
1059 3223 1116 3272 coll.

202 3286 253 3333 122
270 3299 309 3349 aq.
337 3278 350 3349 Ι]
378 3286 411 3333 96
429 3284 544 3349 proinde
562 3286 617 3335 iam
635 3286 661 3334 E
684 3287 741 3335 iam
758 3302 804 3338 om.
825 3287 850 3336 A
880 3283 892 3353 Η
920 3289 953 3338 97
977 3289 1022 3338 cui
1044 3302 1118 3338 nunc

200 3350 325 3402 sollicita
337 3356 425 3402 mater
437 3352 462 3401 Ε
480 3352 552 3415 (soll.
570 3369 644 3402 nnnc
662 3356 707 3403 eui
724 3369 758 3407 m.
778 3356 889 3417 mnan.)
908 3355 969 3404 noll.
983 3357 1030 3406 cui
1045 3370 1118 3405 nunc

202 3434 237 3466 m.
255 3419 280 3467 A
317 3419 440 3469 cnisoll.
459 3435 541 3474 nunc.
560 3428 636 3484 mus
661 3418 672 3487 ΙΙ
696 3422 883 3486 alternaprete
902 3422 927 3471 Ε
955 3419 968 3488 ss
997 3426 1044 3474 101
1062 3424 1117 3473 iam

201 3501 248 3536 om.
269 3488 336 3537 ΜΕ
358 3502 412 3536 non
431 3490 462 3537 ei.
483 3489 556 3551 Lipe.
585 3484 597 3553 ll
1033 3512 1037 3521 ⁴
