2550 3917
421 217 603 265 nuucvcus
621 196 812 286 [oucibus]
1009 205 1070 267 441

156 358 293 435 stetitque
309 366 378 417 nato
394 374 488 435 paeoe
503 358 560 417 iam
577 356 682 417 similis
696 375 814 436 parens.

158 454 260 503 cnoro.
279 440 413 502 nullasne
427 444 458 501 in
474 452 551 502 astra
567 442 646 501 misit
662 441 698 502 ad
714 460 841 520 superos
856 459 960 520 preces

158 543 280 586 arsurus
296 534 347 586 aut
361 528 391 586 iu
407 533 475 585 uota
491 527 623 605 respexit
637 527 758 586 Iouem?

156 624 251 670 11111.
267 610 357 670 iacuit
371 612 417 671 sui
433 628 556 671 securus
571 618 601 670 et
616 610 730 671 caelum
747 612 864 673 intuens

158 696 304 773 quaesiuit
319 694 429 764 oculis,
446 713 516 756 arce
531 712 568 754 an
585 714 620 755 ex
636 695 732 773 aliqua
748 701 833 775 pater

158 779 325 858 despiceret
338 778 431 839 illum.
462 787 525 840 tum
541 797 647 840 manus
662 779 786 841 tendens
801 782 855 841 ait:

158 868 362 942 ‘quacumque
376 872 462 942 parte
477 866 624 943 prospicis
641 870 740 924 uatum
756 861 857 942 paterff

158 956 187 1009 te
203 956 239 1026 te·
248 965 357 1027 precor
373 966 461 1026 quem
476 955 564 1009 nocte
580 950 726 1009 conmissa
744 950 806 1009 dies

158 1034 303 1111 quaesiuit
317 1050 411 1101 uuuS,
428 1033 452 1093 si
468 1051 549 1093 meas
563 1033 667 1093 laudes
682 1034 760 1093 canit

158 1127 318 1195 utrumque
334 1116 447 1176 Phoebi
462 1117 532 1177 litus
547 1126 577 1178 et
592 1117 730 1196 Scythiae
745 1136 838 1195 gertus

159 1210 190 1262 et
204 1203 300 1261 omnis
315 1201 424 1262 ardeus
440 1219 491 1261 ora
508 1220 596 1280 quam
614 1209 708 1261 torret
723 1202 801 1272 dies,

160 1288 186 1345 si
200 1304 274 1363 pace
290 1285 377 1346 tellus
392 1284 494 1363 plena,
511 1289 536 1346 si
551 1284 650 1347 nullae
665 1295 787 1363 gemunt

160 1370 250 1431 urbes
265 1388 321 1430 uec
338 1388 405 1430 aras
420 1371 516 1447 inpias
530 1372 686 1450 quisquam
703 1372 852 1450 inquinat,

159 1456 183 1514 si
200 1454 314 1515 scelera
330 1454 453 1515 desunt:
476 1456 612 1533 spiritum
629 1455 749 1515 admitte
761 1456 844 1516 hunc
861 1473 970 1533 precor

160 1541 188 1599 iu
204 1548 292 1601 astra.
324 1557 383 1598 nou
399 1558 447 1599 me
462 1540 567 1599 mortis
582 1540 716 1599 internae
733 1539 816 1599 locus

160 1642 216 1684 uec
230 1630 342 1683 maesta
359 1624 435 1699 nigri
450 1641 542 1702 regua
559 1631 732 1683 conterrent
747 1624 839 1693 louis,
904 1696 910 1710 ¹

161 1708 212 1768 sed
229 1708 273 1767 ire
289 1708 326 1768 ad
343 1706 409 1766 illos
423 1708 529 1768 umbra
546 1726 621 1786 quos
637 1709 695 1783 uici
711 1708 783 1767 deos

159 1801 244 1870 pater
261 1791 417 1852 erubesco.
448 1792 527 1853 nube
543 1791 673 1853 discusso
691 1792 769 1851 diem

160 1875 272 1955 pande,
290 1883 322 1935 ut
337 1876 461 1937 deorum
477 1875 576 1937 uoltus
591 1877 745 1936 ardentem
762 1876 918 1938 Herculem

160 1967 282 2039 spectet.
314 1960 384 2020 licet
398 1968 429 2020 tu
445 1962 542 2028 sidera
559 1969 588 2021 et
602 1961 747 2021 muudum
764 1978 870 2039 neges,
902 2036 905 2047 Ι

160 2044 239 2105 ultro
255 2054 355 2123 pater:
372 2062 489 2123 cogere.
521 2047 546 2105 si
561 2063 653 2106 uoces
669 2044 754 2105 dolor
846 2075 847 2079 =

160 2128 314 2190 abstulerit
329 2128 419 2189 ullas:
442 2128 539 2209 pande
555 2138 617 2191 tum
633 2132 744 2211 stygios
759 2129 840 2191 lacus

230 2299 296 2348 1694
315 2296 400 2347 Stetit
419 2297 477 2360 (om.
498 2296 561 2364 que)
582 2314 601 2347 α
618 2312 671 2348 err.
690 2304 745 2364 tpp.
768 2295 780 2363 ll
805 2301 871 2351 1095
895 2299 929 2349 ad
948 2315 1007 2365 sup.
1026 2300 1078 2351 εΑ

160 2372 209 2415 cut
227 2381 286 2429 sup.
305 2373 329 2429 ψ
347 2364 382 2430 (R
393 2365 422 2431 p)
439 2362 450 2432 ll
468 2368 534 2416 1696
551 2366 670 2415 Arsurus
689 2382 734 2417 om.
755 2364 808 2434 ΕΗ
825 2370 891 2419 1700
914 2370 1079 2419 desideretur

161 2433 185 2481 Ε
201 2429 214 2498 ΙΙ
233 2435 297 2484 1701
317 2434 357 2483 Te
376 2437 404 2482 te
423 2437 503 2497 peter
521 2434 546 2483 E
568 2434 625 2483 Iste
646 2438 688 2482 est
706 2438 786 2497 pater
803 2437 828 2486 A
853 2436 892 2485 Te
911 2441 940 2485 te
958 2451 1079 2500 precor

160 2503 200 2550 uel
217 2501 257 2549 Te
277 2501 440 2565 deprecor
460 2500 513 2551 GR.
526 2496 539 2566 ΙΙ
557 2499 623 2551 1702
643 2500 720 2549 cauis
738 2502 764 2551 Ε
783 2504 861 2553 canit
878 2505 904 2553 A
920 2499 933 2569 ll
950 2506 1015 2554 1703
1035 2504 1078 2553 ub-

160 2576 198 2618 est
216 2568 241 2617 Ε
257 2564 270 2633 ll
286 2567 359 2617 latus
377 2569 400 2617 R
417 2564 430 2634 ΙΙ
446 2568 567 2632 Scythae
587 2585 605 2617 α
623 2584 675 2619 err.
694 2574 748 2632 tpp.
761 2566 772 2636 ΙΙ
790 2571 855 2620 1704
874 2585 969 2620 amens
989 2587 1035 2621 ore
1055 2571 1079 2619 Ε

161 2635 261 2685 ardens
274 2651 323 2685 ora
336 2633 386 2698 All
400 2636 446 2701 qui
458 2635 484 2684 Ε
497 2651 578 2699 quam
591 2638 617 2686 A
629 2633 641 2702 ΙΙ
655 2638 720 2686 1706
733 2635 848 2701 Siparce
863 2638 887 2687 Ε
899 2636 929 2687 Si
941 2653 1012 2703 pace
1025 2640 1050 2687 A
1065 2638 1078 2699 ll

160 2702 236 2753 mille
259 2711 283 2766 ψ
312 2700 324 2770 ΙΙ
354 2706 419 2755 1706
442 2704 553 2769 impius
577 2704 773 2768 Rapbelenpius.
803 2701 815 2771 {l
845 2708 911 2755 1707
935 2706 1031 2755 amitte
1054 2705 1080 2753 Ε

161 2769 271 2820 admitti
283 2773 308 2821 A
328 2772 442 2821 admitte
457 2772 536 2823 Gron.
548 2768 560 2838 Η
571 2768 713 2837 hunopcor
724 2771 750 2820 Ε
762 2772 835 2821 huuc
848 2777 947 2837 pater
961 2774 1013 2822 GR.
1027 2775 1079 2822 uid.

161 2839 196 2887 ad
205 2856 231 2890 u.
245 2840 310 2889 1701
322 2834 334 2904 11
347 2842 413 2891 1708
424 2836 478 2889 ᾗΕ
495 2855 549 2889 nee
561 2840 587 2889 A
598 2836 611 2905 [Ι
622 2840 730 2889 noctis
742 2844 784 2890 uel
794 2842 882 2890 sortis
895 2840 970 2889 NHs.
984 2836 996 2906 ll
1013 2842 1079 2890 1709

162 2911 319 2957 conterrent
337 2908 389 2957 εΑ
413 2907 581 2957 conturbant
597 2907 669 2972 Moy.
689 2902 700 2971 ll
718 2908 783 2957 1712
801 2906 904 2958 Parere
924 2908 1041 2967 (Pacete
1059 2914 1078 2955 t.

162 2972 249 3037 NHe.)
268 2980 318 3024 atr.
331 2977 411 3024 111111
423 2978 496 3040 nipro
508 2976 557 3024 sed
567 2991 597 3024 m.
610 2977 676 3024 salic
688 2977 802 3039 antiqua.
818 2981 901 3040 primo
913 2978 1022 3041 spatium
1034 2992 1079 3024 ua·

161 3058 230 3091 omem
240 3042 322 3104 fuisse
334 3043 437 3092 uidetur
451 3043 474 3091 Ε
490 3042 587 3091 Pande
599 3038 650 3107 ΑΗ
666 3041 775 3105 uulgus
788 3048 827 3093 uel
840 3046 956 3093 coetus
968 3043 1045 3093 NHo.
1066 3042 1078 3105 ll

161 3116 233 3159 ut-
243 3114 352 3173 spectet
363 3125 409 3163 om.
425 3106 471 3175 Gll
488 3111 553 3159 1713
565 3108 634 3157 licet
646 3125 692 3159 om.
705 3110 731 3158 Ε
742 3106 755 3176 ΙΙ
772 3112 838 3160 1714
850 3110 928 3160 Vltro
940 3115 1020 3174 pater
1032 3126 1079 3160 om.
1118 3119 1121 3126 '

161 3178 209 3227 aed
225 3185 284 3226 unte
303 3192 404 3243 cogere
421 3176 729 3282 '‘P“‘imsmssumtffin
747 3180 879 3228 literarum
892 3179 917 3227 Ε
929 3174 941 3243 ΙΙ
955 3180 1021 3228 1711
1042 3183 1078 3222 11-

162 3300 248 3342 staterio
404 3297 427 3345 it
446 3295 506 3345 ulla
527 3311 618 3361 pange
640 3302 706 3345 tunc
729 3296 825 3359 aligios
847 3295 927 3346 lacus
948 3296 973 3345 Ε
998 3293 1079 3361 (quae

161 3362 298 3413 minoratus
314 3366 397 3414 literis
413 3365 541 3429 descripsi
557 3372 616 3413 suut
632 3364 785 3414 recentioris
800 3380 895 3413 manus.
923 3380 988 3429 quae
1004 3366 1080 3414 etiam

163 3432 197 3482 ab
211 3447 248 3481 em
261 3436 298 3493 et,
312 3447 404 3497 pange
417 3435 518 3482 uidetur
530 3433 647 3497 effecisse
661 3448 695 3483 eac
707 3429 813 3495 tange).
832 3432 978 3483 abstulerit
990 3432 1079 3482 abesse

162 3506 271 3549 testatur
290 3499 365 3549 NHs.
384 3500 539 3550 Abstulerit
555 3500 638 3550 ullas,
656 3499 747 3566 pande
767 3503 823 3549 tum
841 3500 867 3550 A
887 3498 992 3565 (tamen
1009 3499 1044 3566 ψ)
1057 3496 1069 3567 Η
