2550 3917
531 223 708 269 THYESTES

157 365 251 439 agitas
268 362 423 423 medullis?
445 362 549 440 flagrat
564 363 716 423 incensum
733 364 780 421 siti

159 466 210 507 cor
229 456 258 507 et
275 448 404 525 perustis
419 447 538 508 flamina
554 445 720 507 uisceribus
737 449 833 507 micat.

161 527 308 616 [sephon]
703 534 714 541 “
1096 550 1143 598 100

138 666 144 685 ,
200 630 278 676 uve.
303 617 390 677 Hunc
411 616 489 676 hunc
506 616 637 677 iurorern
654 616 754 677 diuide
770 619 801 677 in
818 626 908 678 totam
925 618 1054 677 domum.

119 691 137 740 g
158 703 257 761 sicsic
274 700 408 761 ferantur
416 710 452 785 κ(11
467 719 552 761 suurn
569 701 676 762 infensi
691 703 818 763 inuicem

159 788 259 845 sitiant
274 804 423 847 cruorem.
451 788 539 845 sentit
555 788 693 848 introitus
708 797 774 847 tuos

161 871 267 931 domus
283 878 312 931 et
327 870 455 930 nefando
472 878 531 931 tota
548 881 684 932 contactu
702 871 827 930 horruit.

124 946 142 993 h
204 958 309 1015 Actum
326 962 369 1015 est
385 954 511 1016 abunde.
540 957 666 1031 gradere
681 956 717 1015 ad
733 956 866 1016 internos
881 974 988 1035 specus

160 1058 336 1118 amnemque
353 1052 470 1101 notum:
488 1042 545 1101 iarn
562 1048 645 1101 tuum
662 1048 790 1101 maestae
807 1040 912 1117 pedem

160 1133 260 1185 terrae
277 1133 449 1201 grauantur.
479 1127 592 1193 cernis,
609 1133 642 1185 ut
659 1127 745 1185 tontis
761 1125 859 1202 liquor

159 1211 309 1269 introrsus
325 1218 407 1269 actus
423 1209 551 1287 linquat,
568 1217 600 1269 ut
615 1213 699 1287 ripae
714 1219 831 1273 rraceut.

162 1302 330 1374 uentosque
347 1312 430 1354 raras
447 1296 550 1371 igneus
567 1294 663 1353 nuhes
679 1296 772 1354 ierat?

120 1370 145 1427 h'
201 1377 339 1439 Pallescit
354 1381 450 1439 omnis
465 1379 555 1439 arhor
571 1398 604 1439 ac
621 1379 718 1439 nutius
732 1381 812 1439 stetit

162 1462 290 1541 fugiente
307 1482 396 1541 porno
412 1481 514 1523 ramus
536 1476 564 1525 et
581 1465 631 1543 qui
646 1462 785 1524 huctihus
862 1467 864 1476 '

160 1546 239 1607 illinc
255 1550 430 1627 propinquis
444 1548 572 1609 isthmos
587 1558 675 1627 atque
691 1548 772 1608 iihnc
788 1548 886 1608 fremit

159 1634 257 1693 uicina
274 1632 376 1709 gracili
393 1633 529 1693 diuidens
546 1641 624 1694 terra
643 1632 726 1701 uada,

159 1716 245 1794 longe
261 1725 376 1779 remoto
391 1717 458 1777 litus
473 1719 591 1779 exaudit
605 1735 687 1777 sono,

117 1794 149 1850 h''
204 1803 262 1862 iarn
278 1802 375 1862 Lerna
392 1811 472 1863 retro
489 1805 575 1863 cessit
596 1811 624 1863 et
640 1802 820 1879 phoronides

159 1885 272 1946 iatnere
289 1905 384 1947 uenae
406 1906 461 1947 nec
476 1906 543 1948 snas
559 1887 674 1966 profert
688 1905 772 1947 sacer

160 1969 289 2049 Alpheos
305 1972 399 2031 undas
421 1979 449 2031 et
465 1972 651 2033 Cithaeronis
667 1973 732 2047 iuga

159 2062 235 2115 stant
251 2062 335 2132 parte
351 2055 429 2115 nulia
446 2075 517 2117 cana
540 2056 673 2134 deposita
689 2059 758 2116 niue

162 2142 325 2218 timentque
342 2148 474 2202 ueterern
491 2140 606 2202 nohiies
621 2142 691 2218 Argi
706 2142 793 2200 sitim.

126 2228 143 2259 ’ἢ
205 2224 249 2284 En
266 2228 329 2301 ipse
346 2225 431 2285 Titan
447 2225 575 2294 dubitat,
593 2244 628 2285 an
647 2224 746 2285 iubeat
761 2226 843 2303 sequi

161 2318 307 2389 cogatque
325 2308 448 2370 habenis
463 2312 507 2370 ire
523 2312 690 2387 periturum
707 2310 793 2370 dicun

540 2474 676 2523 CHORVS

126 2588 141 2620 a
303 2598 304 2601 =
357 2565 453 2641 Argos
466 2565 502 2624 dc
518 2565 633 2641 superis
649 2565 678 2623 si
693 2566 778 2642 quis
793 2564 946 2625 achaicum

312 2650 485 2727 pisaeasquc
500 2649 605 2708 dornus
621 2649 759 2709 currihus
775 2648 898 2717 inclitas,

312 2732 414 2793 isthmi
432 2735 462 2794 si
479 2736 562 2811 quis
578 2740 657 2793 arnat
671 2750 763 2809 regna
779 2733 918 2793 corinthii
1051 2787 1055 2794 .

311 2824 340 2877 et
355 2826 458 2895 portus
475 2820 608 2895 geminos
624 2826 653 2877 et
670 2837 751 2877 mare
767 2817 925 2886 dissidens·
1095 2831 1143 2879 125

224 2989 273 3037 100
302 3002 401 3051 sequor
419 3004 440 3037 ω
464 3003 512 3037 om.
533 3003 551 3036 ac
586 2984 598 3055 fl
632 2990 679 3037 101
704 3002 776 3035 nunc
796 3003 811 3036 o
830 2986 991 3050 furoremu
1021 2986 1074 3036 Me.

155 3055 535 3173 titht‘ttttdttfft
549 3072 575 3189 “p
604 3054 809 3173 {idithim
827 3054 964 3171 hiddi
983 3055 1076 3188 tihi

161 3192 206 3239 tuo
226 3189 250 3238 A
274 3193 351 3239 tuum
369 3190 435 3239 Etru
464 3163 573 3257 tt'pede
593 3192 617 3240 A
648 3190 745 3254 pedem
763 3189 834 3238 dEE
851 3187 880 3252 (t.
898 3189 956 3251 Gr.)
986 3191 997 3255 h
1028 3192 1076 3240 114

156 3262 275 3307 remotos
295 3258 370 3307 latus
390 3258 503 3307 exaudit
522 3274 603 3309 sonos
618 3259 642 3307 A
662 3273 683 3306 r.
702 3256 770 3306 litus
790 3274 831 3309 ex.
851 3273 910 3309 aon.
928 3258 953 3306 E
972 3256 1001 3321 (t.
1018 3256 1075 3322 Gr.)

157 3326 277 3375 remotis
296 3325 363 3375 litus
384 3342 426 3375 ex.
445 3326 534 3376 sonis
556 3330 587 3379 ci.
607 3326 685 3376 Gran.
715 3329 824 3374 remoto
848 3326 914 3374 litus
942 3341 983 3375 ex.
1003 3340 1075 3375 sono

155 3394 250 3457 scripsi
267 3390 338 3456 (litus
356 3396 373 3448 i.
388 3410 411 3443 e.
431 3392 511 3457 mare)
540 3392 553 3459 d
584 3396 633 3444 115
651 3392 763 3443 terraE
786 3394 902 3443 lernaA
927 3388 938 3457 ΙΙ
963 3394 1011 3442 116
1031 3408 1075 3442 sa-

158 3462 255 3510 crasA
281 3477 363 3511 sacer
382 3461 406 3509 E
435 3458 447 3527 Η
475 3461 619 3513 CHORVS
643 3461 694 3509 EA
724 3456 736 3527 ΙΙ
766 3464 814 3512 123
838 3463 1004 3525 pisaeasque
1025 3460 1075 3509 ΑΕ

156 3528 318 3594 piscisueap
347 3524 359 3595 Η
389 3530 511 3580 turribus
530 3532 553 3579 Α
574 3530 698 3579 curribus
717 3528 742 3578 E
770 3526 783 3595 Η
