2550 3917
182 224 225 289 84
463 238 493 285 n.
511 238 643 286 Annam
659 238 816 287 senecae

79 377 82 381 ⁸
181 379 284 439 haeret
299 378 415 457 palude.
444 376 511 437 talis
526 386 570 438 est
585 378 667 438 dirae
684 379 780 457 Stygis

182 464 325 525 deformis
340 463 419 523 unda
435 481 510 541 quac
526 462 596 522 lacit
611 462 692 523 caelo
710 464 807 523 fidem.

223 548 278 607 Hic
294 554 382 607 nocte
397 566 484 608 caeca
500 565 619 625 gemere
635 547 735 607 leralis
750 548 821 607 eleos

181 632 258 692 lama
274 639 333 701 est,
351 633 462 692 catenis
477 631 562 692 lucus
578 633 709 692 excussis
725 641 810 691 sonat

180 715 352 795 ululantque
368 734 481 777 manes.
514 716 653 795 quicquid
671 716 772 776 audire
790 723 833 777 est
849 725 954 785 metus,
1118 732 1170 783 oto

179 800 240 861 illic
256 801 389 862 uidetur:
405 808 485 861 errat
501 803 628 879 antiquis
644 810 729 861 uetus

180 886 286 946 emissa
302 884 396 946 bustis
412 886 498 946 turba
515 892 544 946 et
559 884 700 945 insultant
714 884 780 945 loco

182 971 295 1031 maiora
312 973 389 1029 notis
405 978 551 1038 monstra,
569 971 640 1048 quin
656 977 717 1030 tota
732 968 808 1031 solet

180 1055 291 1115 micare
308 1053 384 1116 silua
398 1054 516 1115 llamma
532 1061 561 1114 et
575 1053 709 1115 excelsae
725 1054 825 1115 trabes
865 1063 866 1067 ’

147 1135 152 1143 ’
180 1144 285 1200 ardent
300 1140 364 1199 siue
379 1141 456 1217 igue.
488 1157 576 1216 saepe
593 1138 700 1199 latratu
717 1157 821 1199 nemus

180 1224 260 1283 trino
276 1225 412 1301 remugit,
429 1241 518 1301 saepe
532 1222 697 1283 simulacris
713 1224 818 1284 domus

155 1337 160 1350 ·
180 1310 302 1368 attonita
318 1309 443 1385 magnis.

146 1396 164 1445 d
379 1467 383 1474 ι
475 1393 536 1453 Nec
551 1392 614 1453 dies
629 1392 713 1453 sedat
727 1400 848 1463 metum,

181 1495 240 1537 uox
255 1478 377 1556 propria
391 1475 458 1537 luco
475 1485 519 1537 est
533 1485 563 1537 et
577 1477 748 1555 superstitio
763 1478 892 1538 inferum

180 1562 210 1619 in
225 1561 292 1621 luce
307 1562 404 1621 media
419 1570 533 1640 regnat.
563 1562 633 1621 hino
649 1561 801 1622 orantibus

179 1663 324 1723 responsa
340 1646 448 1706 dantur
464 1655 553 1715 certa,
570 1665 637 1707 eum
654 1648 766 1725 ingenti
781 1664 855 1707 sono

142 1767 145 1772 <
178 1730 314 1790 laxantur
329 1731 415 1809 adyto
431 1731 489 1791 iata
505 1738 534 1792 et
548 1732 674 1809 inmugit
689 1750 796 1809 specus

135 1881 139 1887 ¹
180 1832 285 1874 uocem
301 1815 356 1876 deo
372 1814 515 1877 soluente.
547 1835 606 1895 quo
621 1824 777 1895 postquam
794 1816 896 1877 furens

181 1900 305 1959 intrauit
319 1901 426 1960 Atreus
442 1899 552 1961 liberos
568 1902 669 1961 iratris
683 1901 823 1961 trahens:

181 1991 326 2067 ornantur
341 2001 420 2045 arae.
450 1987 516 2064 quis
531 1996 619 2064 queat
634 1986 724 2066 digne
741 1985 858 2063 eloquit

144 2062 171 2119 d'
224 2068 295 2127 Post
309 2076 393 2147 terga
406 2070 546 2130 iuuenum
564 2068 678 2130 nobiles
693 2078 815 2130 reuocat
830 2088 935 2131 manus

178 2158 206 2211 et
222 2159 331 2212 maesta
347 2155 419 2213 uitta
434 2156 529 2233 capita
544 2172 696 2232 purpurea
712 2154 791 2231 ligat.

178 2254 235 2295 non
252 2243 319 2297 tura
335 2238 449 2308 desunt,
466 2256 526 2298 non
542 2256 626 2300 sacer
643 2237 746 2297 bacchi
762 2236 859 2317 liquor

176 2329 342 2399 tangensue
358 2323 422 2383 lusa
436 2323 585 2383 uictimam
602 2320 697 2381 culter
712 2320 798 2381 mola.

177 2412 314 2466 seruatur
329 2410 426 2468 omnis
441 2408 531 2477 ordo,
548 2424 585 2465 ne
600 2413 713 2466 tantum
730 2406 812 2468 nefas
918 2403 921 2411 ’

175 2506 236 2550 non
252 2492 381 2567 ritefipt.

177 2586 282 2635 ouon.
424 2578 491 2654 quis
505 2594 626 2636 manum
642 2575 723 2636 terro
740 2577 898 2639 admouet?

175 2672 279 2720 NVNT.
308 2661 374 2738 ipse
390 2668 434 2720 est
449 2660 604 2728 sacerdos,
620 2662 682 2740 ipse
699 2662 815 2722 lunesta
830 2680 919 2740 prece

178 2740 266 2805 letale
282 2761 402 2803 carmen
418 2762 470 2804 ore
486 2744 617 2804 uiolento
633 2747 721 2807 canit.

144 2848 159 2881 e
222 2828 286 2889 Stat
301 2830 364 2906 ipse
380 2829 416 2888 ad
432 2846 513 2899 arae,
530 2830 594 2908 ipse
611 2829 735 2891 deuotus
751 2832 816 2891 neei

178 2919 342 2973 contrectat
356 2920 386 2973 et
402 2916 543 2991 conponit
553 2922 587 2975 et
602 2915 683 2976 ferro
699 2916 845 2984 admouet,

176 2997 299 3056 attendit
314 2998 392 3074 ipse:
414 2997 492 3058 nulla
508 3016 579 3076 pars
593 3002 671 3059 sacri
689 3002 772 3078 perit.

176 3080 259 3140 lucus
274 3084 432 3150 tremescit,
449 3090 511 3146 tota
526 3102 666 3144 succusso
681 3083 744 3144 solo

243 3301 294 3351 668
311 3275 393 3351 nocte
412 3306 472 3352 tota
484 3304 510 3353 Α
528 3320 554 3355 n.
574 3319 641 3371 cqoa
659 3304 685 3353 Ε
707 3300 719 3368 ll
743 3304 791 3353 672
810 3303 870 3354 ioco
888 3304 914 3353 E
940 3304 1002 3356 loco
1021 3307 1046 3356 Α
1068 3302 1081 3372 ΙΙ

53 3409 67 3420 c
174 3368 285 3418 flamma
304 3368 384 3432 sylua
402 3371 427 3419 Α
446 3370 520 3420 silua
538 3372 563 3420 fl.
581 3372 607 3421 E
634 3368 647 3437 ll
675 3373 725 3421 685
743 3375 859 3421 reuocat
877 3374 902 3423 Α
930 3374 1031 3439 religat
1048 3374 1091 3425 Re

174 3436 291 3486 renodat
308 3454 350 3486 un.
369 3454 404 3488 eae
417 3440 474 3488 Pal.
499 3435 511 3504 ll
540 3440 590 3489 688
607 3439 672 3488 fusa
690 3446 713 3500 q
734 3438 809 3489 salsa
825 3440 867 3491 Αε
887 3438 898 3507 ΙΙ
923 3444 972 3492 695
991 3457 1091 3491 occen-

175 3503 216 3552 dit
235 3520 254 3553 α
277 3505 398 3555 attendit
416 3506 487 3555 ΜῖΕ
499 3515 517 3553 t.
532 3507 614 3570 Gmp
637 3503 649 3572 ll
