2550 3917
534 181 733 242 aeauuuuo

258 317 391 378 roscidae
407 319 501 378 noctis
517 319 689 398 celeresque
705 321 789 379 iussit

259 403 371 463 tardius
388 420 495 463 currus
510 406 621 480 agitare
637 404 790 464 Phoebum

258 494 287 547 et
303 497 366 548 tuas
382 486 460 548 lente
476 507 612 548 remeare
626 489 710 566 bigas

419 571 524 650 pallida
540 573 669 634 Phoebe.

303 709 421 784 (Paruit
435 707 531 787 iussis)
549 708 706 788 retulitque
718 727 854 783 pressum

258 809 366 852 nomeu
382 791 504 852 alternis
516 793 648 872 {uicibus
662 794 733 874 diei)

258 875 340 936 stella
356 895 432 956 quae
449 885 542 959 mutat
559 909 728 923 ·····
751 913 786 921 —

258 979 347 1040 seque
364 963 468 1022 mirata
485 971 530 1022 est
558 995 728 1008 ·····
749 997 785 1006 -

257 1045 422 1123 Hesperum
440 1046 496 1124 dici
557 1079 727 1092 ·····
749 1082 782 1091 —

258 1131 293 1189 ad
309 1133 390 1190 uices
404 1132 519 1191 Arrrora
536 1139 636 1191 mouet
651 1141 752 1193 suetas

260 1247 490 1260 —————
508 1224 598 1294 caput
613 1223 643 1276 et
656 1215 795 1277 relabens

257 1299 287 1359 in
305 1300 397 1378 (sicus
411 1301 526 1380 rursus)
542 1303 642 1378 posuit
657 1304 759 1362 senilis

420 1384 497 1464 colla
512 1388 630 1446 marita.

303 1551 583 1566 -------
601 1523 692 1581 sensit
708 1529 791 1581 ortus

256 1606 347 1664 sensit
363 1622 486 1665 occasus
503 1637 673 1650 ·····
696 1640 730 1649 -

374 1822 405 1872 E
862 1826 886 1874 A

167 1913 301 1970 Roscidae
316 1914 406 1969 noctis
421 1913 557 1984 iussitque
657 1913 787 1969 Roscidae
822 1914 911 1969 noctis
942 1916 1090 1986 geminauit
1108 1916 1158 1966 855

373 1996 511 2070 phoebum
860 1999 941 2068 horas

168 2081 288 2139 Tardius
304 2081 406 2138 celeres
424 2082 527 2153 agitare
543 2097 604 2137 cur·
656 2082 794 2155 iussitque
820 2081 960 2139 Phoebum
988 2083 1091 2139 latoius

375 2182 422 2220 rus
862 2166 964 2223 celeres

167 2251 203 2307 Et
223 2258 282 2306 tuas
297 2250 370 2306 lente
393 2265 513 2306 remeare
528 2249 606 2322 bigas
658 2251 770 2323 ligitare
785 2268 883 2308 currus
900 2260 928 2307 et
941 2260 1001 2307 tuas
1018 2252 1091 2308 lente

168 2334 435 2409 Pallidapho'ebe.
658 2335 786 2393 llemeere
822 2336 900 2408 bigas
943 2336 1090 2392 candida

167 2420 272 2476 Retulit
291 2421 387 2493 pedem
402 2434 502 2474 nomeu
522 2418 606 2474 alter·
861 2420 980 2477 Phoebe.

373 2505 416 2559 nis
657 2503 832 2578 Retulitque
856 2505 953 2578 perlem
979 2504 1090 2561 alternis
1109 2509 1161 2560 860

166 2587 254 2645 Stella
269 2605 339 2662 quae
354 2595 441 2643 mutat
456 2603 540 2662 seque
555 2589 605 2642 mi·
858 2605 958 2645 nomen

373 2679 432 2728 rata
447 2680 490 2727 est
657 2673 742 2730 Stella
758 2690 827 2747 quae
842 2681 929 2729 mutat
944 2689 1028 2746 seque
1043 2675 1092 2729 mi-

168 2758 320 2830 Hesperum
336 2757 398 2812 dici.
427 2773 525 2813 aurora
546 2774 604 2812 mo·
859 2767 918 2825 rata
934 2765 976 2813 est

374 2849 433 2896 uet
655 2842 1093 2917 Hesperumdicbhuroramouit

168 2927 211 2983 Ad
227 2925 323 2982 solitas
338 2929 413 2982 uices
656 2928 696 2984 hd
721 2927 817 2984 solitas
850 2928 925 2984 uices
951 2935 1035 3001 caput
1064 2937 1092 2984 et
1110 2932 1162 2983 865

168 3010 257 3085 Caput
279 3019 307 3067 et
322 3009 448 3066 relabens
470 3011 603 3084 imposuit
860 3011 987 3068 relabens

161 3109 169 3118 ·
375 3097 440 3150 seni
654 3097 787 3171 Imposuit
824 3098 906 3152 senis
949 3097 1091 3153 humero

167 3178 302 3236 Collum
319 3182 437 3237 merito.
858 3180 956 3236 mariti.

166 3265 263 3320 Sensit
282 3273 361 3321 ortus
379 3267 465 3321 sensit
487 3283 600 3322 occasus
654 3265 745 3322 Sensit
760 3274 852 3328 ortus,
874 3266 962 3320 sensit
978 3281 1091 3321 occasus

239 3396 289 3446 858
310 3395 418 3460 pallida
436 3395 477 3446 M)
489 3398 551 3447 1112
561 3400 596 3463 9?
622 3393 634 3464 ss
658 3398 708 3448 864
726 3397 777 3447 865
795 3395 830 3445 ad
847 3397 926 3445 uices
945 3395 1009 3446 Eos
1028 3394 1094 3446 soli-

166 3467 224 3516 tas.
242 3489 274 3498 -
292 3490 326 3499 -
341 3463 345 3527 Ι
362 3466 449 3514 mouit
467 3470 616 3516 curatum
635 3469 720 3530 capot
739 3469 768 3514 et
785 3463 834 3514 rel.
853 3469 886 3514 ei.
908 3464 962 3514 GR.
986 3461 998 3529 11

222 3562 345 3599 sussen
365 3563 447 3600 uuae.
850 3546 891 3610 23
