2550 3917
185 178 227 244 68
467 190 819 240 1..auuun1snuueau
924 258 932 279 Ι

152 352 170 403 d
229 334 333 395 Hunc
349 333 462 392 facinus
476 332 583 409 iugens
598 348 688 393 ausus
704 338 853 409 assumpta
868 332 898 391 in
913 332 1010 395 scelus

186 424 324 479 consorte
339 418 433 477 nostri
448 417 579 494 pertidus
594 415 717 476 thalami
733 416 842 477 auehit.

185 504 256 564 hinc
270 520 359 563 omne
375 501 467 561 eladis
482 509 602 561 mutuae
616 500 701 562 fluxit
715 499 834 561 malum.

186 606 241 667 per
255 604 349 665 regna
365 586 499 666 trepidus
516 584 583 647 exul
599 588 699 646 erraui
713 604 789 646 mea.

186 691 256 753 pars
270 670 350 732 nulla
366 673 483 749 generis
497 678 559 732 tuta
575 670 612 731 ab
627 670 739 731 insidiis
753 678 849 730 uenat.

151 767 177 826 d'
233 758 380 835 Corrupta
395 758 540 824 coniunx,
556 756 664 834 imperi
680 772 786 833 quassa
802 762 847 815 est
860 754 960 825 fides·

119 883 144 900 a.
187 842 294 903 domus
309 857 413 918 aegra,
430 839 538 902 dubius
553 840 673 917 sanguis
689 841 747 917 est,
767 841 841 899 certi
856 839 929 900 nihii

188 928 245 988 nisi
259 926 352 987 frater
367 925 468 986 hostis
495 924 565 1004 quid
581 925 701 1003 stupes?
717 924 950 1003 tandem'ineipe

189 1013 347 1088 animeque
362 1028 447 1070 sume
462 1007 617 1070 Tantalum
635 1016 664 1084 et
678 1007 820 1089 Pelopem
836 1011 948 1087 aspine:

188 1096 225 1157 ed
240 1096 315 1156 haee
330 1112 435 1155 manus
451 1092 585 1172 exempla
600 1101 765 1171 poscuntur
781 1112 873 1155 meae.

154 1199 172 1249 d
231 1180 356 1241 Proiere
372 1180 469 1239 dirum
485 1196 543 1256 qua
558 1185 649 1257 eaput
664 1186 792 1239 mactem
806 1181 864 1239 uia.

189 1278 262 1327 ssu.
290 1264 372 1324 ferro
387 1270 561 1342 peremptus
575 1262 710 1340 spiritum
725 1264 879 1324 inimicum
895 1273 1012 1342 expuat.

188 1363 267 1409 arn.
295 1347 332 1409 de
347 1349 407 1408 tine
421 1365 536 1426 poenae
550 1347 692 1427 loqueris
710 1366 765 1425 ego
781 1364 908 1425 poenam
924 1348 1002 1409 uolu.

176 1434 316 1514 perimat
329 1439 473 1511 tyrannus
488 1430 577 1503 lenis,
593 1434 624 1491 in
638 1450 733 1511 regno
748 1451 816 1493 meu

189 1536 270 1579 mors
286 1519 463 1596 inpetratum

190 1617 265 1665 sau.
498 1601 578 1662 nulla
602 1609 630 1661 te
647 1604 768 1681 pietas
783 1602 902 1662 mouet?

155 1702 180 1758 (γ
235 1700 315 1748 Aru.
338 1687 457 1748 Exeede
470 1690 603 1765 pietas,
619 1689 645 1747 si
661 1685 748 1747 modo
763 1688 794 1745 in
809 1694 910 1748 nostra
926 1686 1014 1749 domo

190 1790 331 1850 umquam
346 1772 436 1833 iuisti.
462 1772 526 1831 dira
542 1773 688 1835 furiarum
705 1772 815 1833 cohors

191 1859 365 1933 discorsque
380 1856 507 1935 Erinnys
528 1861 629 1918 ueniat
644 1863 673 1915 et
688 1856 820 1933 geminas
835 1858 914 1919 iaces

191 1944 328 2018 Megaera
344 1942 488 2021 quatiens
516 1960 576 2002 uun
592 1942 662 2003 satis
677 1958 785 2018 magno
801 1960 901 2003 meum

191 2026 276 2087 ardet
289 2028 392 2087 furore
406 2033 525 2103 pectus,
541 2026 649 2105 inpleri
664 2026 745 2086 iuuat

191 2113 303 2171 maiore
318 2122 461 2171 monstro.

159 2217 173 2251 e
232 2207 306 2255 sar.
517 2194 594 2265 Quid
609 2196 679 2256 noui
694 2194 821 2257 rabidus
832 2196 938 2255 struis?

192 2294 271 2339 arn.
296 2278 339 2339 nil
353 2278 434 2359 quud
450 2279 593 2341 doloris
608 2282 705 2357 capiat
720 2282 830 2341 assueti
845 2281 975 2341 modum.

193 2363 306 2426 nulium
322 2364 486 2443 relinquam
502 2365 616 2425 facinus
631 2371 662 2425 et
676 2363 789 2426 nullum
806 2372 850 2426 est
864 2366 943 2426 satis.

159 2444 182 2504 e'
237 2460 312 2509 suu.
329 2448 474 2509 Ferrum?

193 2546 272 2593 auu.
441 2549 546 2610 parum
563 2541 616 2595 est.
696 2591 698 2597 .

194 2630 268 2679 ssu.
599 2618 670 2696 quid
687 2619 779 2697 ignis?
1082 2631 1104 2673 r.
1120 2632 1216 2677 cxxrn
1267 2620 1268 2687 i

194 2715 273 2763 nult.
748 2706 915 2764 etiamnunc
930 2721 1034 2781 parum
1052 2712 1106 2767 est.
1267 2694 1268 2723 ¹

194 2800 269 2848 ssu.
286 2803 415 2865 quonam
431 2803 503 2864 ergo
515 2784 577 2847 telo
594 2794 691 2848 tantus
707 2796 808 2849 utetur
823 2786 950 2848 dolor?

193 2884 273 2932 Aru.
289 2871 355 2948 ipsu
371 2869 506 2951 Thyeste.

195 2968 270 3017 sar.
535 2958 631 3018 maius
645 2957 702 3018 hoe
717 2958 762 3017 ira
778 2965 822 3019 est
836 2956 956 3019 malum.

165 3055 179 3104 f
230 3052 309 3100 ΛΤΒ.
336 3038 453 3101 Fateor.
480 3042 667 3104 tumuitus
682 3050 803 3121 pectora
819 3046 1002 3105 attonitus
1017 3044 1109 3123 quatit
1126 3062 1180 3113 260

194 3126 372 3202 penitusque
388 3124 489 3196 uetuit,
506 3129 607 3205 rapior
622 3134 652 3188 et
667 3146 736 3206 qun
753 3130 895 3199 neseio,

262 3330 312 3378 237
336 3329 440 3378 errauit
458 3330 484 3378 A
512 3330 603 3379 urrani
621 3330 654 3380 E'
680 3326 692 3397 [Ι
726 3330 776 3381 238
798 3331 875 3381 nullu
899 3330 985 3381 nostri
1004 3327 1109 3394 (nostra

195 3395 267 3460 qn
290 3396 367 3446 nulla.
385 3396 581 3462 generiam
614 3394 626 3463 ΙΙ
668 3399 718 3449 244
735 3401 837 3449 ieetem
854 3398 880 3448 E
901 3402 1020 3449 mactem
1038 3400 1063 3449 Α
1087 3395 1098 3465 Η

196 3464 246 3513 248
263 3466 428 3532 impetretur
445 3482 464 3514 α
493 3461 505 3529 ΙΙ
