<?xml version="1.0" encoding="UTF-8"?>
<!DOCTYPE html PUBLIC "-//W3C//DTD XHTML 1.0 Transitional//EN"
    "http://www.w3.org/TR/xhtml1/DTD/xhtml1-transitional.dtd">
<html xmlns="http://www.w3.org/1999/xhtml" xml:lang="en" lang="en">
 <head>
  <title>
</title>
<meta http-equiv="Content-Type" content="text/html;charset=utf-8" />
  <meta name='ocr-system' content='tesseract 3.04.00' />
  <meta name='ocr-capabilities' content='ocr_page ocr_carea ocr_par ocr_line ocrx_word'/>
</head>
<body>
  <div class='ocr_page' id='page_1' title='image "./lannaeisenecaet00richgoog_0130.png"; bbox 0 0 2550 3917; ppageno 0'>
   <div class='ocr_carea' id='block_1_1' title="bbox 499 194 692 245">
    <p class='ocr_par' dir='ltr' id='par_1_1' title="bbox 499 194 692 245">
     <span class='ocr_line' id='line_1_1' title="bbox 499 194 692 245; baseline -0.01 0"><span class='ocrx_word' id='word_1_1' title='bbox 499 194 502 197; x_wconf 75' lang='grc'><strong>’</strong></span> <span class='ocrx_word' id='word_1_2' title='bbox 511 194 692 245; x_wconf 65' lang='lat' dir='ltr'>emittentes</span> 
     </span>
    </p>
   </div>
   <div class='ocr_carea' id='block_1_2' title="bbox 102 336 1129 1430">
    <p class='ocr_par' dir='ltr' id='par_1_2' title="bbox 102 336 1129 1430">
     <span class='ocr_line' id='line_1_2' title="bbox 141 336 454 417; baseline -0.003 -20"><span class='ocrx_word' id='word_1_3' title='bbox 141 336 306 417; x_wconf 84' lang='lat' dir='ltr'>foedusque</span> <span class='ocrx_word' id='word_1_4' title='bbox 321 338 454 414; x_wconf 80' lang='lat' dir='ltr'>iungent.</span> 
     </span>
     <span class='ocr_line' id='line_1_3' title="bbox 141 419 964 500; baseline -0.001 -19"><span class='ocrx_word' id='word_1_5' title='bbox 141 435 244 483; x_wconf 70' lang='lat' dir='ltr'>rnn&#39;r.</span> <span class='ocrx_word' id='word_1_6' title='bbox 491 438 579 500; x_wconf 82' lang='lat' dir='ltr'>quom</span> <span class='ocrx_word' id='word_1_7' title='bbox 594 428 694 481; x_wconf 83' lang='lat' dir='ltr'>tamen</span> <span class='ocrx_word' id='word_1_8' title='bbox 710 419 845 481; x_wconf 81' lang='lat' dir='ltr'>iretrdem</span> <span class='ocrx_word' id='word_1_9' title='bbox 859 421 964 481; x_wconf 74' lang='lat' dir='ltr'>times?</span> 
     </span>
     <span class='ocr_line' id='line_1_4' title="bbox 102 494 1032 583; baseline -0.001 -17"><span class='ocrx_word' id='word_1_10' title='bbox 102 494 128 551; x_wconf 65' lang='grc' dir='ltr'>δ’</span> <span class='ocrx_word' id='word_1_11' title='bbox 185 519 265 567; x_wconf 75' lang='grc' dir='ltr'><strong>ΤΗΥ.</strong></span> <span class='ocrx_word' id='word_1_12' title='bbox 290 504 432 566; x_wconf 86' lang='lat' dir='ltr'><strong>Omnem:</strong></span> <span class='ocrx_word' id='word_1_13' title='bbox 446 504 547 566; x_wconf 88' lang='lat' dir='ltr'>timori</span> <span class='ocrx_word' id='word_1_14' title='bbox 562 522 651 583; x_wconf 86' lang='lat' dir='ltr'>quem</span> <span class='ocrx_word' id='word_1_15' title='bbox 667 522 734 565; x_wconf 90' lang='lat' dir='ltr'>meo</span> <span class='ocrx_word' id='word_1_16' title='bbox 748 512 875 566; x_wconf 76' lang='lat' dir='ltr'>statuam</span> <span class='ocrx_word' id='word_1_17' title='bbox 890 504 1032 566; x_wconf 78' lang='lat' dir='ltr'>modom?</span> 
     </span>
     <span class='ocr_line' id='line_1_5' title="bbox 140 589 612 669; baseline -0.004 -18"><span class='ocrx_word' id='word_1_18' title='bbox 140 598 255 651; x_wconf 85' lang='lat' dir='ltr'>tentum</span> <span class='ocrx_word' id='word_1_19' title='bbox 270 598 370 668; x_wconf 86' lang='lat' dir='ltr'>potest</span> <span class='ocrx_word' id='word_1_20' title='bbox 385 596 527 669; x_wconf 78' lang='lat' dir='ltr'>quantum</span> <span class='ocrx_word' id='word_1_21' title='bbox 542 589 612 650; x_wconf 84' lang='lat' dir='ltr'>odit.</span> 
     </span>
     <span class='ocr_line' id='line_1_6' title="bbox 140 673 960 753; baseline -0.001 -18"><span class='ocrx_word' id='word_1_22' title='bbox 140 688 245 737; x_wconf 72' lang='grc' dir='ltr'><strong>ΤΔΝΤ.</strong></span> <span class='ocrx_word' id='word_1_23' title='bbox 668 674 699 735; x_wconf 93' lang='lat' dir='ltr'>in</span> <span class='ocrx_word' id='word_1_24' title='bbox 714 683 743 735; x_wconf 93' lang='lat' dir='ltr'>te</span> <span class='ocrx_word' id='word_1_25' title='bbox 757 673 828 753; x_wconf 81' lang='lat' dir='ltr'>quid</span> <span class='ocrx_word' id='word_1_26' title='bbox 843 676 960 752; x_wconf 73' lang='lat' dir='ltr'>potest?</span> 
     </span>
     <span class='ocr_line' id='line_1_7' title="bbox 141 758 1128 836; baseline -0.001 -16"><span class='ocrx_word' id='word_1_27' title='bbox 141 772 223 821; x_wconf 70' lang='lat' dir='ltr'>nni.</span> <span class='ocrx_word' id='word_1_28' title='bbox 246 775 302 836; x_wconf 88' lang='lat' dir='ltr'>pro</span> <span class='ocrx_word' id='word_1_29' title='bbox 318 776 367 819; x_wconf 91' lang='lat' dir='ltr'>me</span> <span class='ocrx_word' id='word_1_30' title='bbox 381 758 455 821; x_wconf 90' lang='lat' dir='ltr'>nihil</span> <span class='ocrx_word' id='word_1_31' title='bbox 470 760 527 819; x_wconf 82' lang='lat' dir='ltr'>iem</span> <span class='ocrx_word' id='word_1_32' title='bbox 543 766 660 828; x_wconf 88' lang='lat' dir='ltr'>metuo,</span> <span class='ocrx_word' id='word_1_33' title='bbox 675 776 732 819; x_wconf 86' lang='lat' dir='ltr'>uos</span> <span class='ocrx_word' id='word_1_34' title='bbox 746 759 842 819; x_wconf 82' lang='lat' dir='ltr'>fecitis</span> <span class='ocrx_word' id='word_1_35' title='bbox 856 759 931 819; x_wconf 81' lang='lat' dir='ltr'>mitri</span> <span class='ocrx_word' id='word_1_36' title='bbox 1078 761 1128 812; x_wconf 78' lang='lat'>485</span> 
     </span>
     <span class='ocr_line' id='line_1_8' title="bbox 141 843 420 906; baseline -0.004 -1"><span class='ocrx_word' id='word_1_37' title='bbox 141 844 230 906; x_wconf 78' lang='lat' dir='ltr'>Atrea</span> <span class='ocrx_word' id='word_1_38' title='bbox 245 843 420 905; x_wconf 88' lang='lat' dir='ltr'>timendum.</span> 
     </span>
     <span class='ocr_line' id='line_1_9' title="bbox 142 928 792 1009; baseline -0.002 -20"><span class='ocrx_word' id='word_1_39' title='bbox 142 942 245 990; x_wconf 71' lang='lat' dir='ltr'>rnnr.</span> <span class='ocrx_word' id='word_1_40' title='bbox 456 928 553 1008; x_wconf 86' lang='lat' dir='ltr'>deripi</span> <span class='ocrx_word' id='word_1_41' title='bbox 569 935 673 1009; x_wconf 81' lang='lat' dir='ltr'>neptus</span> <span class='ocrx_word' id='word_1_42' title='bbox 687 928 792 988; x_wconf 72' lang='lat' dir='ltr'>times?</span> 
     </span>
     <span class='ocr_line' id='line_1_10' title="bbox 143 1011 958 1091; baseline -0.002 -16"><span class='ocrx_word' id='word_1_43' title='bbox 143 1026 225 1075; x_wconf 73' lang='grc' dir='ltr'><strong>ΤΗΥ.</strong></span> <span class='ocrx_word' id='word_1_44' title='bbox 249 1029 349 1074; x_wconf 91' lang='lat' dir='ltr'>serum</span> <span class='ocrx_word' id='word_1_45' title='bbox 365 1019 410 1073; x_wconf 86' lang='lat' dir='ltr'>est</span> <span class='ocrx_word' id='word_1_46' title='bbox 425 1012 550 1074; x_wconf 78' lang='lat' dir='ltr'>cauendi</span> <span class='ocrx_word' id='word_1_47' title='bbox 565 1020 684 1091; x_wconf 82' lang='lat' dir='ltr'>tempus</span> <span class='ocrx_word' id='word_1_48' title='bbox 699 1014 730 1073; x_wconf 86' lang='lat' dir='ltr'>in</span> <span class='ocrx_word' id='word_1_49' title='bbox 744 1011 849 1073; x_wconf 81' lang='lat' dir='ltr'>mediis</span> <span class='ocrx_word' id='word_1_50' title='bbox 860 1011 958 1073; x_wconf 81' lang='lat' dir='ltr'>melis.</span> 
     </span>
     <span class='ocr_line' id='line_1_11' title="bbox 120 1096 856 1176; baseline -0.001 -18"><span class='ocrx_word' id='word_1_51' title='bbox 120 1098 133 1149; x_wconf 77' lang='lat' dir='ltr'>f</span> <span class='ocrx_word' id='word_1_52' title='bbox 189 1096 291 1159; x_wconf 84' lang='lat' dir='ltr'>Eatur.</span> <span class='ocrx_word' id='word_1_53' title='bbox 321 1115 412 1159; x_wconf 90' lang='lat' dir='ltr'>unum</span> <span class='ocrx_word' id='word_1_54' title='bbox 429 1098 545 1176; x_wconf 74' lang='lat' dir='ltr'>genitor</span> <span class='ocrx_word' id='word_1_55' title='bbox 559 1098 617 1158; x_wconf 85' lang='lat' dir='ltr'>hoe</span> <span class='ocrx_word' id='word_1_56' title='bbox 631 1105 727 1159; x_wconf 76' lang='lat' dir='ltr'>testor</span> <span class='ocrx_word' id='word_1_57' title='bbox 740 1105 856 1159; x_wconf 81' lang='lat' dir='ltr'>temen:</span> 
     </span>
     <span class='ocr_line' id='line_1_12' title="bbox 143 1183 572 1261; baseline 0 -18"><span class='ocrx_word' id='word_1_58' title='bbox 143 1199 198 1259; x_wconf 81' lang='lat' dir='ltr'>ego</span> <span class='ocrx_word' id='word_1_59' title='bbox 213 1199 270 1242; x_wconf 89' lang='lat' dir='ltr'>uos</span> <span class='ocrx_word' id='word_1_60' title='bbox 285 1199 394 1261; x_wconf 83' lang='lat' dir='ltr'>sequor</span> <span class='ocrx_word' id='word_1_61' title='bbox 409 1200 470 1243; x_wconf 89' lang='lat' dir='ltr'>non</span> <span class='ocrx_word' id='word_1_62' title='bbox 486 1183 572 1244; x_wconf 75' lang='lat' dir='ltr'>dono.</span> 
     </span>
     <span class='ocr_line' id='line_1_13' title="bbox 142 1265 843 1345; baseline -0.001 -17"><span class='ocrx_word' id='word_1_63' title='bbox 142 1279 248 1328; x_wconf 74' lang='lat' dir='ltr'>Tnmr.</span> <span class='ocrx_word' id='word_1_64' title='bbox 614 1268 756 1345; x_wconf 85' lang='lat' dir='ltr'>respiciet</span> <span class='ocrx_word' id='word_1_65' title='bbox 770 1265 843 1327; x_wconf 84' lang='lat' dir='ltr'>dens</span> 
     </span>
     <span class='ocr_line' id='line_1_14' title="bbox 143 1350 1129 1430; baseline 0.002 -20"><span class='ocrx_word' id='word_1_66' title='bbox 143 1350 219 1413; x_wconf 89' lang='lat' dir='ltr'>bene</span> <span class='ocrx_word' id='word_1_67' title='bbox 236 1351 373 1429; x_wconf 77' lang='lat' dir='ltr'>cogitate.</span> <span class='ocrx_word' id='word_1_68' title='bbox 391 1386 432 1399; x_wconf 84' lang='lat'><em>-</em></span> <span class='ocrx_word' id='word_1_69' title='bbox 447 1368 538 1430; x_wconf 81' lang='lat' dir='ltr'>perge</span> <span class='ocrx_word' id='word_1_70' title='bbox 553 1368 613 1413; x_wconf 88' lang='lat' dir='ltr'>non</span> <span class='ocrx_word' id='word_1_71' title='bbox 629 1351 720 1413; x_wconf 85' lang='lat' dir='ltr'>dubio</span> <span class='ocrx_word' id='word_1_72' title='bbox 735 1351 839 1428; x_wconf 74' lang='lat' dir='ltr'>grado</span> <span class='ocrx_word' id='word_1_73' title='bbox 1078 1354 1129 1404; x_wconf 79' lang='lat'>490</span> 
     </span>
    </p>
   </div>
   <div class='ocr_carea' id='block_1_3' title="bbox 143 1548 1060 1599">
    <p class='ocr_par' dir='ltr' id='par_1_3' title="bbox 143 1548 1060 1599">
     <span class='ocr_line' id='line_1_15' title="bbox 143 1548 1060 1599; baseline -0.002 -2"><span class='ocrx_word' id='word_1_74' title='bbox 143 1548 289 1598; x_wconf 78' lang='lat' dir='ltr'>ATREVS.</span> <span class='ocrx_word' id='word_1_75' title='bbox 306 1549 494 1599; x_wconf 78' lang='lat' dir='ltr'>THYES&#39;PES.</span> <span class='ocrx_word' id='word_1_76' title='bbox 512 1549 696 1599; x_wconf 73' lang='lat' dir='ltr'>rtnrsnvs</span> <span class='ocrx_word' id='word_1_77' title='bbox 706 1548 922 1599; x_wconf 76' lang='lat' dir='ltr'>Pmsrnntttts</span> <span class='ocrx_word' id='word_1_78' title='bbox 933 1548 1060 1596; x_wconf 73' lang='lat' dir='ltr'>rnctmt.</span> 
     </span>
    </p>
   </div>
   <div class='ocr_carea' id='block_1_4' title="bbox 114 1671 912 2851">
    <p class='ocr_par' dir='ltr' id='par_1_4' title="bbox 114 1671 912 2851">
     <span class='ocr_line' id='line_1_16' title="bbox 114 1671 790 1752; baseline 0.001 -20"><span class='ocrx_word' id='word_1_79' title='bbox 114 1688 130 1723; x_wconf 75' lang='lat' dir='ltr'>a</span> <span class='ocrx_word' id='word_1_80' title='bbox 186 1671 286 1751; x_wconf 78' lang='lat' dir='ltr'><strong>Plagis</strong></span> <span class='ocrx_word' id='word_1_81' title='bbox 301 1680 419 1735; x_wconf 89' lang='lat' dir='ltr'>tenetur</span> <span class='ocrx_word' id='word_1_82' title='bbox 434 1672 532 1735; x_wconf 79' lang='lat' dir='ltr'>clause</span> <span class='ocrx_word' id='word_1_83' title='bbox 548 1673 697 1752; x_wconf 75' lang='lat' dir='ltr'>dispositis</span> <span class='ocrx_word' id='word_1_84' title='bbox 711 1673 790 1734; x_wconf 84' lang='lat' dir='ltr'>iera:</span> 
     </span>
     <span class='ocr_line' id='line_1_17' title="bbox 147 1755 789 1835; baseline 0 -18"><span class='ocrx_word' id='word_1_85' title='bbox 147 1762 175 1817; x_wconf 88' lang='lat' dir='ltr'>et</span> <span class='ocrx_word' id='word_1_86' title='bbox 189 1758 287 1835; x_wconf 88' lang='lat' dir='ltr'>ipsum</span> <span class='ocrx_word' id='word_1_87' title='bbox 305 1764 334 1817; x_wconf 87' lang='lat' dir='ltr'>et</span> <span class='ocrx_word' id='word_1_88' title='bbox 348 1775 407 1818; x_wconf 79' lang='lat' dir='ltr'>une</span> <span class='ocrx_word' id='word_1_89' title='bbox 422 1759 541 1834; x_wconf 80' lang='lat' dir='ltr'>generis</span> <span class='ocrx_word' id='word_1_90' title='bbox 555 1759 645 1819; x_wconf 86' lang='lat' dir='ltr'>inuisi</span> <span class='ocrx_word' id='word_1_91' title='bbox 659 1755 789 1818; x_wconf 77' lang='lat' dir='ltr'>indolem</span> 
     </span>
     <span class='ocr_line' id='line_1_18' title="bbox 145 1841 777 1921; baseline 0.003 -21"><span class='ocrx_word' id='word_1_92' title='bbox 145 1841 275 1902; x_wconf 82' lang='lat' dir='ltr'>iunctam</span> <span class='ocrx_word' id='word_1_93' title='bbox 292 1843 408 1921; x_wconf 83' lang='lat' dir='ltr'>parenti</span> <span class='ocrx_word' id='word_1_94' title='bbox 427 1860 527 1904; x_wconf 85' lang='lat' dir='ltr'>cerno.</span> <span class='ocrx_word' id='word_1_95' title='bbox 557 1844 614 1903; x_wconf 80' lang='lat' dir='ltr'>inm</span> <span class='ocrx_word' id='word_1_96' title='bbox 631 1850 695 1903; x_wconf 87' lang='lat' dir='ltr'>tuto</span> <span class='ocrx_word' id='word_1_97' title='bbox 709 1842 777 1903; x_wconf 85' lang='lat' dir='ltr'>loeo</span> 
     </span>
     <span class='ocr_line' id='line_1_19' title="bbox 147 1927 797 1989; baseline 0.003 -4"><span class='ocrx_word' id='word_1_98' title='bbox 147 1934 305 1987; x_wconf 80' lang='lat' dir='ltr'>uersentur</span> <span class='ocrx_word' id='word_1_99' title='bbox 320 1927 401 1988; x_wconf 82' lang='lat' dir='ltr'>odie:</span> <span class='ocrx_word' id='word_1_100' title='bbox 417 1929 500 1988; x_wconf 88' lang='lat' dir='ltr'>uenit</span> <span class='ocrx_word' id='word_1_101' title='bbox 513 1929 544 1986; x_wconf 92' lang='lat' dir='ltr'>in</span> <span class='ocrx_word' id='word_1_102' title='bbox 559 1934 677 1989; x_wconf 74' lang='lat' dir='ltr'>nostras</span> <span class='ocrx_word' id='word_1_103' title='bbox 691 1945 797 1988; x_wconf 78' lang='lat' dir='ltr'>monus</span> 
     </span>
     <span class='ocr_line' id='line_1_20' title="bbox 146 2010 837 2090; baseline 0.006 -21"><span class='ocrx_word' id='word_1_104' title='bbox 146 2010 264 2071; x_wconf 77' lang='lat' dir='ltr'>tandem</span> <span class='ocrx_word' id='word_1_105' title='bbox 279 2011 440 2090; x_wconf 75' lang='lat' dir='ltr'>Thyestes,</span> <span class='ocrx_word' id='word_1_106' title='bbox 456 2012 552 2081; x_wconf 87' lang='lat' dir='ltr'>uenit,</span> <span class='ocrx_word' id='word_1_107' title='bbox 570 2020 599 2074; x_wconf 89' lang='lat' dir='ltr'>et</span> <span class='ocrx_word' id='word_1_108' title='bbox 613 2020 694 2073; x_wconf 86' lang='lat' dir='ltr'>totus</span> <span class='ocrx_word' id='word_1_109' title='bbox 708 2012 837 2090; x_wconf 86' lang='lat' dir='ltr'>quidem.</span> 
     </span>
     <span class='ocr_line' id='line_1_21' title="bbox 117 2093 912 2174; baseline 0.005 -22"><span class='ocrx_word' id='word_1_110' title='bbox 117 2093 133 2143; x_wconf 93' lang='lat' dir='ltr'>b</span> <span class='ocrx_word' id='word_1_111' title='bbox 189 2093 243 2155; x_wconf 83' lang='lat' dir='ltr'>Vix</span> <span class='ocrx_word' id='word_1_112' title='bbox 257 2103 395 2174; x_wconf 87' lang='lat' dir='ltr'>tempero</span> <span class='ocrx_word' id='word_1_113' title='bbox 411 2098 525 2167; x_wconf 85' lang='lat' dir='ltr'>animo,</span> <span class='ocrx_word' id='word_1_114' title='bbox 541 2098 591 2157; x_wconf 84' lang='lat' dir='ltr'>uix</span> <span class='ocrx_word' id='word_1_115' title='bbox 607 2095 693 2157; x_wconf 85' lang='lat' dir='ltr'>dolor</span> <span class='ocrx_word' id='word_1_116' title='bbox 708 2096 809 2157; x_wconf 82' lang='lat' dir='ltr'>frenos</span> <span class='ocrx_word' id='word_1_117' title='bbox 825 2096 912 2174; x_wconf 86' lang='lat' dir='ltr'>cepit.</span> 
     </span>
     <span class='ocr_line' id='line_1_22' title="bbox 147 2178 761 2259; baseline 0.005 -21"><span class='ocrx_word' id='word_1_118' title='bbox 147 2178 188 2238; x_wconf 85' lang='lat' dir='ltr'>sie</span> <span class='ocrx_word' id='word_1_119' title='bbox 203 2198 271 2240; x_wconf 86' lang='lat' dir='ltr'>oum</span> <span class='ocrx_word' id='word_1_120' title='bbox 287 2180 367 2240; x_wconf 83' lang='lat' dir='ltr'>feras</span> <span class='ocrx_word' id='word_1_121' title='bbox 382 2184 508 2259; x_wconf 80' lang='lat' dir='ltr'>uestigat</span> <span class='ocrx_word' id='word_1_122' title='bbox 523 2188 553 2241; x_wconf 88' lang='lat' dir='ltr'>et</span> <span class='ocrx_word' id='word_1_123' title='bbox 566 2180 656 2259; x_wconf 81' lang='lat' dir='ltr'>longo</span> <span class='ocrx_word' id='word_1_124' title='bbox 672 2198 761 2259; x_wconf 81' lang='lat' dir='ltr'>segor</span> 
     </span>
     <span class='ocr_line' id='line_1_23' title="bbox 149 2260 721 2343; baseline 0.005 -21"><span class='ocrx_word' id='word_1_125' title='bbox 149 2260 210 2322; x_wconf 91' lang='lat' dir='ltr'>loro</span> <span class='ocrx_word' id='word_1_126' title='bbox 225 2272 347 2326; x_wconf 86' lang='lat' dir='ltr'>tenetur</span> <span class='ocrx_word' id='word_1_127' title='bbox 365 2264 472 2327; x_wconf 81' lang='lat' dir='ltr'>Vmber</span> <span class='ocrx_word' id='word_1_128' title='bbox 486 2283 522 2326; x_wconf 84' lang='lat' dir='ltr'>ae</span> <span class='ocrx_word' id='word_1_129' title='bbox 536 2283 642 2343; x_wconf 88' lang='lat' dir='ltr'>presso</span> <span class='ocrx_word' id='word_1_130' title='bbox 657 2267 721 2327; x_wconf 82' lang='lat' dir='ltr'>uias</span> 
     </span>
     <span class='ocr_line' id='line_1_24' title="bbox 149 2348 765 2428; baseline 0.006 -20"><span class='ocrx_word' id='word_1_131' title='bbox 149 2357 296 2411; x_wconf 83' lang='lat' dir='ltr'>scrutetur</span> <span class='ocrx_word' id='word_1_132' title='bbox 312 2367 364 2410; x_wconf 87' lang='lat' dir='ltr'>ore</span> <span class='ocrx_word' id='word_1_133' title='bbox 380 2350 450 2411; x_wconf 84' lang='lat' dir='ltr'>dum</span> <span class='ocrx_word' id='word_1_134' title='bbox 466 2348 571 2428; x_wconf 84' lang='lat' dir='ltr'>procul</span> <span class='ocrx_word' id='word_1_135' title='bbox 585 2349 666 2413; x_wconf 86' lang='lat' dir='ltr'>lento</span> <span class='ocrx_word' id='word_1_136' title='bbox 680 2368 765 2412; x_wconf 85' lang='lat' dir='ltr'>soem</span> 
     </span>
     <span class='ocr_line' id='line_1_25' title="bbox 150 2432 730 2513; baseline 0.007 -22"><span class='ocrx_word' id='word_1_137' title='bbox 150 2432 239 2495; x_wconf 86' lang='lat' dir='ltr'>odore</span> <span class='ocrx_word' id='word_1_138' title='bbox 255 2436 361 2495; x_wconf 83' lang='lat' dir='ltr'>sentit:</span> <span class='ocrx_word' id='word_1_139' title='bbox 383 2444 469 2513; x_wconf 81' lang='lat' dir='ltr'>peret</span> <span class='ocrx_word' id='word_1_140' title='bbox 484 2443 514 2496; x_wconf 89' lang='lat' dir='ltr'>et</span> <span class='ocrx_word' id='word_1_141' title='bbox 528 2436 615 2497; x_wconf 78' lang='lat' dir='ltr'>tacito</span> <span class='ocrx_word' id='word_1_142' title='bbox 630 2434 730 2496; x_wconf 80' lang='lat' dir='ltr'>locum</span> 
     </span>
     <span class='ocr_line' id='line_1_26' title="bbox 150 2520 845 2600; baseline 0.009 -26"><span class='ocrx_word' id='word_1_143' title='bbox 150 2525 245 2577; x_wconf 86' lang='lat' dir='ltr'>rostro</span> <span class='ocrx_word' id='word_1_144' title='bbox 260 2528 407 2597; x_wconf 82' lang='lat' dir='ltr'>pererrat.</span> <span class='ocrx_word' id='word_1_145' title='bbox 432 2520 541 2598; x_wconf 82' lang='lat' dir='ltr'>praeda</span> <span class='ocrx_word' id='word_1_146' title='bbox 557 2538 625 2582; x_wconf 86' lang='lat' dir='ltr'>cum</span> <span class='ocrx_word' id='word_1_147' title='bbox 641 2521 765 2600; x_wconf 85' lang='lat' dir='ltr'>propior</span> <span class='ocrx_word' id='word_1_148' title='bbox 780 2520 845 2587; x_wconf 81' lang='lat' dir='ltr'>tuit,</span> 
     </span>
     <span class='ocr_line' id='line_1_27' title="bbox 151 2604 746 2683; baseline 0.005 -23"><span class='ocrx_word' id='word_1_149' title='bbox 151 2604 265 2663; x_wconf 86' lang='lat' dir='ltr'>oeruiee</span> <span class='ocrx_word' id='word_1_150' title='bbox 280 2611 344 2663; x_wconf 82' lang='lat' dir='ltr'>tota</span> <span class='ocrx_word' id='word_1_151' title='bbox 359 2612 471 2683; x_wconf 78' lang='lat' dir='ltr'>pugnet</span> <span class='ocrx_word' id='word_1_152' title='bbox 486 2611 514 2664; x_wconf 86' lang='lat' dir='ltr'>et</span> <span class='ocrx_word' id='word_1_153' title='bbox 529 2606 641 2682; x_wconf 81' lang='lat' dir='ltr'>gemitu</span> <span class='ocrx_word' id='word_1_154' title='bbox 656 2611 746 2665; x_wconf 80' lang='lat' dir='ltr'>uocet</span> 
     </span>
     <span class='ocr_line' id='line_1_28' title="bbox 134 2683 856 2777; baseline 0.007 -34"><span class='ocrx_word' id='word_1_155' title='bbox 134 2683 301 2777; x_wconf 39' lang='lat' dir='ltr'>&#39;dominum</span> <span class='ocrx_word' id='word_1_156' title='bbox 317 2694 482 2749; x_wconf 79' lang='lat' dir='ltr'>morantem</span> <span class='ocrx_word' id='word_1_157' title='bbox 498 2706 588 2767; x_wconf 86' lang='lat' dir='ltr'>seque</span> <span class='ocrx_word' id='word_1_158' title='bbox 603 2690 744 2751; x_wconf 85' lang='lat' dir='ltr'>retinenti</span> <span class='ocrx_word' id='word_1_159' title='bbox 758 2687 856 2765; x_wconf 84' lang='lat' dir='ltr'>eripit.</span> 
     </span>
     <span class='ocr_line' id='line_1_29' title="bbox 117 2767 826 2851; baseline 0.003 -20"><span class='ocrx_word' id='word_1_160' title='bbox 117 2767 133 2817; x_wconf 82' lang='lat' dir='ltr'>t</span> <span class='ocrx_word' id='word_1_161' title='bbox 191 2770 264 2832; x_wconf 86' lang='lat' dir='ltr'>Cum</span> <span class='ocrx_word' id='word_1_162' title='bbox 280 2779 382 2850; x_wconf 81' lang='lat' dir='ltr'>sperat</span> <span class='ocrx_word' id='word_1_163' title='bbox 397 2774 440 2833; x_wconf 84' lang='lat' dir='ltr'>ira</span> <span class='ocrx_word' id='word_1_164' title='bbox 455 2777 629 2851; x_wconf 79' lang='lat' dir='ltr'>sanguinem</span> <span class='ocrx_word' id='word_1_165' title='bbox 645 2775 741 2835; x_wconf 82' lang='lat' dir='ltr'>nescit</span> <span class='ocrx_word' id='word_1_166' title='bbox 755 2774 826 2850; x_wconf 84' lang='lat' dir='ltr'>tegi,</span> 
     </span>
    </p>
   </div>
   <div class='ocr_carea' id='block_1_5' title="bbox 153 3009 1069 3551">
    <p class='ocr_par' dir='ltr' id='par_1_5' title="bbox 153 3009 1069 3551">
     <span class='ocr_line' id='line_1_30' title="bbox 217 3009 1067 3075; baseline -0.002 -16"><span class='ocrx_word' id='word_1_167' title='bbox 217 3010 268 3059; x_wconf 83' lang='grc'>484</span> <span class='ocrx_word' id='word_1_168' title='bbox 292 3012 425 3073; x_wconf 80' lang='lat' dir='ltr'>quantum</span> <span class='ocrx_word' id='word_1_169' title='bbox 447 3022 472 3075; x_wconf 87' lang='lat' dir='ltr'>p.</span> <span class='ocrx_word' id='word_1_170' title='bbox 497 3014 566 3061; x_wconf 75' lang='lat' dir='ltr'>tant.</span> <span class='ocrx_word' id='word_1_171' title='bbox 585 3009 627 3060; x_wconf 87' lang='lat' dir='ltr'>od.</span> <span class='ocrx_word' id='word_1_172' title='bbox 653 3027 672 3059; x_wconf 91' lang='grc' dir='ltr'><strong><em>α</em></strong></span> <span class='ocrx_word' id='word_1_173' title='bbox 706 3012 814 3059; x_wconf 74' lang='lat' dir='ltr'>tentum</span> <span class='ocrx_word' id='word_1_174' title='bbox 836 3024 863 3073; x_wconf 87' lang='lat' dir='ltr'>p.</span> <span class='ocrx_word' id='word_1_175' title='bbox 888 3011 1020 3073; x_wconf 80' lang='lat' dir='ltr'>quantum</span> <span class='ocrx_word' id='word_1_176' title='bbox 1043 3022 1067 3057; x_wconf 87' lang='lat' dir='ltr'>o.</span> 
     </span>
     <span class='ocr_line' id='line_1_31' title="bbox 153 3071 1067 3143; baseline 0.003 -22"><span class='ocrx_word' id='word_1_177' title='bbox 153 3072 199 3138; x_wconf 81' lang='grc' dir='ltr'>Εψ</span> <span class='ocrx_word' id='word_1_178' title='bbox 217 3072 241 3143; x_wconf 72' lang='grc' dir='ltr'>ΙΙ</span> <span class='ocrx_word' id='word_1_179' title='bbox 276 3077 328 3127; x_wconf 77' lang='grc'>487</span> <span class='ocrx_word' id='word_1_180' title='bbox 355 3076 439 3130; x_wconf 83' lang='grc' dir='ltr'><strong>ΤΗΥ.</strong></span> <span class='ocrx_word' id='word_1_181' title='bbox 459 3094 505 3129; x_wconf 87' lang='lat' dir='ltr'>om.</span> <span class='ocrx_word' id='word_1_182' title='bbox 525 3096 547 3129; x_wconf 86' lang='lat' dir='ltr'>m</span> <span class='ocrx_word' id='word_1_183' title='bbox 569 3080 683 3128; x_wconf 76' lang='lat' dir='ltr'>restituit</span> <span class='ocrx_word' id='word_1_184' title='bbox 702 3078 774 3128; x_wconf 64' lang='grc' dir='ltr'>(ἔπιε.</span> <span class='ocrx_word' id='word_1_185' title='bbox 803 3071 816 3142; x_wconf 85' lang='grc' dir='ltr'>ΙΙ</span> <span class='ocrx_word' id='word_1_186' title='bbox 844 3075 894 3126; x_wconf 88' lang='grc'>488</span> <span class='ocrx_word' id='word_1_187' title='bbox 912 3074 996 3127; x_wconf 82' lang='grc' dir='ltr'><strong>ΤΗΥ.</strong></span> <span class='ocrx_word' id='word_1_188' title='bbox 1015 3082 1067 3139; x_wconf 71' lang='lat' dir='ltr'>erp,</span> 
     </span>
     <span class='ocr_line' id='line_1_32' title="bbox 154 3144 1068 3208; baseline 0.002 -18"><span class='ocrx_word' id='word_1_189' title='bbox 154 3155 197 3191; x_wconf 83' lang='lat' dir='ltr'>orn.</span> <span class='ocrx_word' id='word_1_190' title='bbox 215 3144 248 3193; x_wconf 83' lang='lat' dir='ltr'>A.</span> <span class='ocrx_word' id='word_1_191' title='bbox 277 3144 331 3195; x_wconf 85' lang='lat' dir='ltr'>hoo</span> <span class='ocrx_word' id='word_1_192' title='bbox 348 3144 494 3196; x_wconf 79' lang='lat' dir='ltr'>hortamen</span> <span class='ocrx_word' id='word_1_193' title='bbox 512 3150 556 3196; x_wconf 84' lang='lat' dir='ltr'>est</span> <span class='ocrx_word' id='word_1_194' title='bbox 572 3146 598 3195; x_wconf 85' lang='grc' dir='ltr'><em>Α</em></span> <span class='ocrx_word' id='word_1_195' title='bbox 626 3146 663 3195; x_wconf 73' lang='lat' dir='ltr'>el*</span> <span class='ocrx_word' id='word_1_196' title='bbox 682 3149 757 3196; x_wconf 81' lang='lat' dir='ltr'>ortor</span> <span class='ocrx_word' id='word_1_197' title='bbox 773 3148 867 3193; x_wconf 81' lang='lat' dir='ltr'>tamen</span> <span class='ocrx_word' id='word_1_198' title='bbox 885 3144 908 3194; x_wconf 83' lang='lat' dir='ltr'><em>R</em></span> <span class='ocrx_word' id='word_1_199' title='bbox 927 3159 1007 3208; x_wconf 70' lang='lat' dir='ltr'>supra</span> <span class='ocrx_word' id='word_1_200' title='bbox 1025 3145 1068 3192; x_wconf 82' lang='lat' dir='ltr'>lin.</span> 
     </span>
     <span class='ocr_line' id='line_1_33' title="bbox 154 3206 1066 3280; baseline 0.002 -24"><span class='ocrx_word' id='word_1_201' title='bbox 154 3206 203 3258; x_wconf 84' lang='lat' dir='ltr'>hor</span> <span class='ocrx_word' id='word_1_202' title='bbox 220 3216 308 3262; x_wconf 82' lang='lat' dir='ltr'>testor</span> <span class='ocrx_word' id='word_1_203' title='bbox 326 3215 421 3263; x_wconf 79' lang='lat' dir='ltr'>temen</span> <span class='ocrx_word' id='word_1_204' title='bbox 438 3214 504 3264; x_wconf 64' lang='grc' dir='ltr'>ΑΕΒ</span> <span class='ocrx_word' id='word_1_205' title='bbox 526 3209 539 3280; x_wconf 78' lang='grc' dir='ltr'>ΙΙ</span> <span class='ocrx_word' id='word_1_206' title='bbox 561 3214 671 3264; x_wconf 82' lang='lat' dir='ltr'>Atreus.</span> <span class='ocrx_word' id='word_1_207' title='bbox 690 3212 827 3277; x_wconf 82' lang='lat' dir='ltr'>Thyestes</span> <span class='ocrx_word' id='word_1_208' title='bbox 846 3213 879 3262; x_wconf 84' lang='grc' dir='ltr'>Α.</span> <span class='ocrx_word' id='word_1_209' title='bbox 914 3208 1066 3261; x_wconf 79' lang='lat' dir='ltr'>ATREVS.</span> 
     </span>
     <span class='ocr_line' id='line_1_34' title="bbox 154 3274 1066 3344; baseline 0.003 -19"><span class='ocrx_word' id='word_1_210' title='bbox 154 3274 350 3331; x_wconf 80' lang='lat' dir='ltr'><strong>THYESTES.</strong></span> <span class='ocrx_word' id='word_1_211' title='bbox 384 3280 583 3334; x_wconf 81' lang='lat' dir='ltr'>TANTALVS.</span> <span class='ocrx_word' id='word_1_212' title='bbox 618 3276 860 3332; x_wconf 78' lang='lat' dir='ltr'><strong>PLISTHENES.</strong></span> <span class='ocrx_word' id='word_1_213' title='bbox 895 3275 1066 3344; x_wconf 72' lang='grc' dir='ltr'>ΤΙΔΙΟῙΙἸἸΙΙ</span> 
     </span>
     <span class='ocr_line' id='line_1_35' title="bbox 155 3341 1068 3415; baseline 0.003 -23"><span class='ocrx_word' id='word_1_214' title='bbox 155 3341 178 3391; x_wconf 82' lang='lat' dir='ltr'><em>E</em></span> <span class='ocrx_word' id='word_1_215' title='bbox 199 3341 211 3410; x_wconf 88' lang='grc' dir='ltr'>ΙΙ</span> <span class='ocrx_word' id='word_1_216' title='bbox 233 3348 283 3398; x_wconf 89' lang='grc'>493</span> <span class='ocrx_word' id='word_1_217' title='bbox 301 3349 330 3397; x_wconf 90' lang='lat' dir='ltr'>in</span> <span class='ocrx_word' id='word_1_218' title='bbox 347 3348 408 3399; x_wconf 86' lang='lat' dir='ltr'>loeo</span> <span class='ocrx_word' id='word_1_219' title='bbox 427 3350 452 3399; x_wconf 89' lang='lat' dir='ltr'><em>A</em></span> <span class='ocrx_word' id='word_1_220' title='bbox 476 3353 505 3399; x_wconf 91' lang='lat' dir='ltr'>in</span> <span class='ocrx_word' id='word_1_221' title='bbox 523 3366 573 3400; x_wconf 86' lang='lat' dir='ltr'>om.</span> <span class='ocrx_word' id='word_1_222' title='bbox 591 3350 616 3399; x_wconf 82' lang='lat' dir='ltr'><em>E</em></span> <span class='ocrx_word' id='word_1_223' title='bbox 644 3344 657 3415; x_wconf 77' lang='grc'>11</span> <span class='ocrx_word' id='word_1_224' title='bbox 685 3350 735 3400; x_wconf 79' lang='grc'>496</span> <span class='ocrx_word' id='word_1_225' title='bbox 757 3348 852 3397; x_wconf 84' lang='lat' dir='ltr'>frenos</span> <span class='ocrx_word' id='word_1_226' title='bbox 870 3346 948 3397; x_wconf 83' lang='lat' dir='ltr'>dolor</span> <span class='ocrx_word' id='word_1_227' title='bbox 965 3345 991 3395; x_wconf 75' lang='lat' dir='ltr'>le·</span> <span class='ocrx_word' id='word_1_228' title='bbox 1013 3344 1068 3395; x_wconf 88' lang='lat' dir='ltr'>dol.</span> 
     </span>
     <span class='ocr_line' id='line_1_36' title="bbox 156 3408 1069 3483; baseline 0.002 -22"><span class='ocrx_word' id='word_1_229' title='bbox 156 3408 220 3464; x_wconf 60' lang='lat' dir='ltr'>fnit</span> <span class='ocrx_word' id='word_1_230' title='bbox 243 3411 256 3481; x_wconf 63' lang='lat' dir='ltr'>il</span> <span class='ocrx_word' id='word_1_231' title='bbox 282 3416 333 3466; x_wconf 82' lang='grc'>497</span> <span class='ocrx_word' id='word_1_232' title='bbox 351 3417 427 3467; x_wconf 82' lang='lat' dir='ltr'>feres</span> <span class='ocrx_word' id='word_1_233' title='bbox 445 3418 507 3479; x_wconf 83' lang='lat' dir='ltr'>E(s</span> <span class='ocrx_word' id='word_1_234' title='bbox 524 3416 634 3477; x_wconf 58' lang='lat' dir='ltr'>ame.)</span> <span class='ocrx_word' id='word_1_235' title='bbox 659 3413 672 3483; x_wconf 83' lang='lat' dir='ltr'>ss</span> <span class='ocrx_word' id='word_1_236' title='bbox 698 3414 859 3481; x_wconf 76' lang='lat' dir='ltr'>uestigatln&#39;</span> <span class='ocrx_word' id='word_1_237' title='bbox 878 3413 975 3478; x_wconf 81' lang='lat' dir='ltr'>(ultimo</span> <span class='ocrx_word' id='word_1_238' title='bbox 992 3414 1069 3464; x_wconf 80' lang='lat' dir='ltr'>litera</span> 
     </span>
     <span class='ocr_line' id='line_1_37' title="bbox 156 3478 1059 3551; baseline -0.001 -20"><span class='ocrx_word' id='word_1_239' title='bbox 156 3482 266 3548; x_wconf 67' lang='lat' dir='ltr'>am.)</span> <span class='ocrx_word' id='word_1_240' title='bbox 290 3479 303 3549; x_wconf 79' lang='grc' dir='ltr'>ΙΙ</span> <span class='ocrx_word' id='word_1_241' title='bbox 325 3485 376 3535; x_wconf 90' lang='grc'>498</span> <span class='ocrx_word' id='word_1_242' title='bbox 394 3485 488 3536; x_wconf 83' lang='lat' dir='ltr'>lotoE</span> <span class='ocrx_word' id='word_1_243' title='bbox 505 3486 602 3536; x_wconf 83' lang='lat' dir='ltr'>loroA</span> <span class='ocrx_word' id='word_1_244' title='bbox 626 3482 638 3551; x_wconf 73' lang='lat' dir='ltr'>ss</span> <span class='ocrx_word' id='word_1_245' title='bbox 667 3486 718 3536; x_wconf 80' lang='lat'>504</span> <span class='ocrx_word' id='word_1_246' title='bbox 735 3485 858 3549; x_wconf 56' lang='lat' dir='ltr'>spirate</span> <span class='ocrx_word' id='word_1_247' title='bbox 876 3478 1059 3547; x_wconf 75' lang='lat' dir='ltr'>speretEAss</span> 
     </span>
    </p>
   </div>
   <div class='ocr_carea' id='block_1_6' title="bbox 0 0 1308 3917">
    <p class='ocr_par' dir='ltr' id='par_1_6' title="bbox 0 0 1308 3917">
     <span class='ocr_line' id='line_1_38' title="bbox 0 0 1308 3917; baseline 0 0"><span class='ocrx_word' id='word_1_248' title='bbox 0 0 1308 3917; x_wconf 95' lang='lat' dir='ltr'> </span> 
     </span>
    </p>
   </div>
  </div>
 </body>
</html>
