2550 3917
206 229 270 294 386
596 242 739 290 mcuacr

209 382 340 463 nihilque
356 381 438 459 leges
453 382 489 444 ad
505 399 587 444 mccs
603 391 706 443 cantus
721 389 838 442 tenent:

208 469 410 531 flectemus
424 466 546 536 ilium,
563 469 693 528 carmina
710 467 862 528 inueniant
877 469 942 530 iter.

208 567 328 614 Durum.
346 569 419 633 quaa
430 552 542 612 Pontus
557 551 667 612 herbas
682 559 805 629 generat
822 561 873 613 aut
888 571 963 630 qrrae
978 553 1106 615 thessala
1120 562 1124 572 “

209 637 265 700 sub
281 656 356 716 rupe
371 637 482 698 Pindus
498 635 565 697 alit:
590 635 641 696 ubi
655 637 806 697 inueniam
821 635 930 698 malum

210 724 257 785 cui
273 723 359 783 cedat
373 719 443 782 ittet
466 723 598 782 carmine
612 722 645 782 in
660 729 756 782 terras
771 738 858 799 mago
1142 732 1185 782 ttt

210 806 370 870 descendat
385 807 471 866 astris
485 805 555 867 luna
570 806 697 866 desertis
712 804 781 866 licet

209 900 239 954 et
253 892 359 952 bruma
375 908 486 951 messes
502 889 601 951 uideat
617 898 646 950 et
662 896 749 950 cantu
765 891 854 969 iugax

208 984 265 1038 stet
281 975 498 1055 deprehensum
516 973 627 1036 iuimeu
644 981 673 1034 et
688 992 774 1035 uersa
791 976 857 1036 uice

208 1061 323 1123 medius
339 1061 448 1121 coactis
464 1060 577 1121 ieiueat
592 1058 684 1120 stellis
700 1060 776 1120 dies:

208 1165 279 1207 non
295 1145 562 1207 flectett'llum.

205 1243 309 1292 nuru.
578 1229 650 1290 uicit
664 1235 694 1288 et
708 1246 833 1306 superos
847 1246 939 1289 anaor.

208 1327 327 1376 DEIAN.
345 1316 482 1375 uincetur
498 1314 548 1374 uni
563 1314 665 1373 forsan
681 1320 710 1373 et
724 1313 851 1392 spciium
868 1312 948 1375 dabit

208 1418 350 1480 amorque
367 1416 499 1461 summus
514 1399 564 1458 fiet
579 1397 696 1459 Alcidae
712 1397 805 1459 labor.

208 1485 260 1547 sed
276 1491 305 1544 te
321 1502 375 1562 per
391 1502 479 1544 omne
494 1481 630 1544 caelitum
648 1500 757 1542 numen
773 1501 896 1561 precor,

207 1588 262 1650 per
278 1569 358 1630 hunc
374 1570 525 1630 timorem:
548 1566 688 1647 quicquid
704 1569 805 1628 arcani
821 1585 933 1645 apparo

208 1655 325 1732 penitus
340 1652 485 1715 recondas
501 1658 531 1713 et
546 1651 633 1713 tidem
650 1653 768 1712 tacitam
785 1654 942 1732 exprimas.
1142 1660 1187 1710 480
1249 1648 1251 1729 ᾗ

207 1753 310 1800 NVTR.
327 1738 396 1816 quid
411 1737 492 1798 istud
506 1745 550 1799 est
565 1737 645 1818 quod
661 1754 725 1796 esse
740 1744 887 1797 secretum
904 1738 1000 1817 petis?
1249 1740 1251 1753 '

208 1837 325 1884 Durata
342 1840 402 1882 non
415 1821 471 1883 teia
487 1828 556 1883 sunt
572 1839 636 1885 non,
647 1838 728 1882 arma
744 1839 803 1881 non
819 1823 896 1900 ignis
910 1824 1020 1884 minax.

207 1920 310 1968 NVTR.
328 1915 480 1986 praestare
495 1905 589 1967 fateor
606 1922 694 1982 posse
710 1924 758 1966 me
773 1909 890 1968 tacitam
908 1906 1014 1976 fidem,

209 1995 233 2054 si
248 1991 360 2053 scetere
377 1998 490 2052 careat:
513 1991 633 2052 interim
649 1988 745 2051 scelus
760 1997 805 2050 est
820 1991 901 2052 tides.

207 2089 327 2138 numu.
346 2077 539 2155 circumspice
556 2075 697 2154 agedum,
715 2092 752 2136 ne
768 2077 833 2154 quis
848 2094 956 2136 arcana
973 2087 1106 2158 eucarpet
1141 2081 1185 2133 485

207 2171 383 2241 partemque
398 2163 428 2221 iu
445 2178 563 2221 omnem
581 2158 680 2219 uuitus
694 2161 848 2239 inquirens
864 2170 919 2222 eat.

208 2259 311 2306 Nvuu.
328 2264 365 2306 eu
381 2244 464 2306 locus
481 2245 517 2305 ab
534 2245 614 2304 omni
630 2251 711 2304 tutus
727 2243 851 2304 arbitrio
866 2253 961 2306 uacat.

207 2343 327 2390 uultu.
345 2332 433 2391 estin
449 2337 564 2390 remote
579 2329 679 2406 regiae
694 2327 773 2390 sedis
788 2327 854 2390 icco

209 2432 316 2475 arcana
333 2416 436 2475 tacitus
453 2423 552 2475 nostra
569 2413 732 2475 defendens
747 2431 864 2491 specus.

209 2517 268 2560 non
285 2498 334 2560 iile
350 2500 462 2577 primos
477 2500 583 2577 accipit
598 2497 676 2559 soles
690 2496 787 2566 locus,

210 2601 270 2643 non
286 2582 335 2643 iile
351 2601 449 2653 seros,
467 2602 533 2644 cum
551 2584 650 2644 ferens
666 2583 751 2643 Titan
767 2582 844 2643 diem

224 2731 409 2738 .-.Φ-..-

275 2805 325 2853 466
346 2804 423 2869 tegis
443 2804 517 2854 NHs.
538 2800 550 2870 Η
571 2805 650 2853 tenet
668 2801 742 2853 IPal.
756 2800 873 2865 Scaiiper
893 2797 905 2868 ss
926 2803 978 2854 468
996 2817 1067 2867 quas
1085 2807 1124 2857 εΑ

208 2880 301 2936 queap
325 2867 336 2937 ΙΙ
359 2873 409 2922 469
429 2871 499 2921 aluit
516 2871 541 2920 E
566 2870 658 2920 autA
677 2867 737 2918 alit
753 2871 854 2933 scripsi.
880 2866 892 2935 ΙΙ
914 2872 965 2921 470
983 2870 1067 2921 cedat
1084 2875 1123 2924 εΑ

209 2940 290 2989 cedet
308 2940 351 3004 d?
381 2936 392 3006 ΙΙ
420 2941 469 2989 471
489 2940 519 2988 in
538 2937 657 2988 astraE
676 2936 759 2986 astris
777 2937 802 2986 A
832 2933 844 3004 {i
872 2937 1002 2989 discedat
1020 2940 1125 2991 iicetE

207 3008 326 3058 desertis
337 3007 407 3057 licet
420 3008 443 3056 A
457 3003 468 3073 ΙΙ
480 3008 530 3058 tta
543 3006 604 3057 Stet
615 3005 641 3054 Ε
650 3006 690 3054 M)
701 3004 740 3054 G?
754 3005 909 3055 Heinaianuc
920 3008 1002 3057 maior
1019 3007 1062 3057 Sit
1074 3009 1099 3058 A
1117 3006 1126 3074 d

208 3075 325 3126 aduersa
343 3075 368 3123 E
387 3079 414 3125 et
431 3089 513 3125 uersa
532 3075 556 3124 A
569 3071 643 3141 11474
660 3073 771 3123 ierueat
788 3073 814 3121 Ε
822 3073 862 3122 ΛΕ
874 3074 1032 3125 Heinsianus
1043 3077 1125 3127 mator

207 3143 321 3193 fulxerit
338 3143 362 3192 tt
379 3143 485 3208 fugerit
503 3144 527 3192 A
550 3139 562 3208 ΙΙ
582 3143 633 3193 475
651 3155 735 3190 unum
753 3141 794 3190 εΑ
811 3142 899 3191 uirum
918 3142 1065 3206 RpBan’t.
1077 3159 1124 3208 κιρ.

208 3210 298 3261 illum
318 3211 370 3261 du.
394 3208 406 3277 Η
428 3207 492 3261 47ῦῦ
510 3211 593 3262 NVT.
611 3209 637 3259 A
655 3225 702 3260 cm.
721 3208 746 3256 Ε
768 3205 781 3273 Η
802 3210 852 3261 476
869 3211 943 3261 DEI.
963 3211 989 3260 A
1006 3227 1054 3262 om.
1074 3211 1099 3259 Ε
1117 3207 1126 3274 d

207 3279 257 3331 480
279 3278 359 3328 fidem
378 3279 493 3329 tacitam
512 3277 537 3326 Ε
567 3277 620 3328 fide
640 3279 730 3327 tacita
747 3278 772 3324 A
801 3273 813 3343 ss
842 3279 982 3341 exprimas
1006 3277 1031 3327 Ε
1060 3293 1123 3344 pre·

207 3362 267 3396 mas
286 3347 310 3396 A
334 3343 346 3412 ΙΙ
368 3348 417 3398 481
436 3347 508 3412 petis
526 3345 552 3394 Ε
573 3347 654 3397 iubes
671 3344 697 3394 A
720 3338 733 3409 Η
755 3344 806 3396 482
829 3345 921 3395 minax
940 3345 965 3394 Ε
987 3347 1079 3396 minae
1098 3347 1124 3396 A

207 3429 261 3463 non
282 3414 353 3477 ignis
371 3429 425 3462 non
444 3415 516 3464 mine
535 3409 644 3477 4411484
663 3410 716 3461 Sed
735 3425 774 3463 sc.
794 3429 816 3463 c.
835 3409 881 3479 ΕΗ
896 3413 948 3464 485
966 3429 1037 3464 occu
1057 3418 1086 3464 et
1103 3430 1125 3464 ω

209 3485 339 3543 aucupet
357 3480 473 3544 Scaliper
496 3476 507 3545 Η
530 3481 579 3531 487
603 3479 718 3531 arbitrio
737 3478 840 3531 EPall.
865 3481 971 3530 arbitro
990 3482 1014 3529 A
1037 3431 1124 3542 d488

208 3548 303 3610 regiae
318 3546 391 3596 sedis
403 3543 543 3597 educetis
556 3547 687 3611 egregiae
700 3547 724 3595 A
736 3541 750 3612 Η
761 3550 811 3599 489
823 3563 923 3614 specus
935 3549 975 3599 εΑ
990 3547 1067 3599 iocus
1079 3556 1103 3612 ψ
1115 3545 1125 3611 ΙΙ
