2550 3917
178 222 282 272 XLllII
549 220 749 269 PRAEFATIO

178 384 211 439 ad
233 382 316 440 Theb.
339 380 416 445 402,
437 380 658 455 Zinzerliugi
686 380 925 454 Thuringicus
945 378 1128 452 (Gotbannsl)

179 467 213 524 ci.
230 466 307 524 llerc.
324 466 396 525 814.

242 554 456 626 Argumenta
480 551 682 625 tragoediarum
703 566 765 607 cum
786 552 877 606 omnia
891 549 1054 606 recentioris
1069 549 1126 605 ori·

179 636 252 710 ginis
268 639 325 693 sint
340 652 401 693 curn
417 638 467 692 hac
488 636 608 692 editione
623 636 792 709 coniungere
806 635 956 691 noluimus.
984 634 1057 690 Sunt
1076 651 1126 690 au·

179 730 234 777 tem
250 724 372 795 quinque
388 736 483 777 eorum
499 736 614 795 genera:
640 721 667 776 1.
683 736 753 793 quae
767 720 871 776 ultimis
887 718 1035 775 Aldinae
1051 718 1125 775 loliis

179 805 303 879 inpressa
324 804 437 862 suntab
454 806 514 879 ipso
532 805 561 861 H.
578 807 729 861 duantio
752 805 882 860 uidentur
896 805 1048 877 composita
1064 818 1125 858 esse

180 889 207 946 2.
232 897 397 963 argumenta,
414 890 542 946 editionis
563 889 776 945 basiliensis
799 889 936 961 descripta
958 895 1023 945 snut
1042 904 1078 944 ex
1092 887 1124 944 N.

179 975 348 1031 'lrauethi
369 976 562 1032 conmentariis
585 974 721 1046 (continet
742 990 790 1029 eos
812 973 897 1029 codex
916 973 1002 1029 llehd.
1017 990 1045 1028 n.
1062 971 1123 1043 14).

180 1058 207 1115 3.
232 1060 378 1132 periochae
400 1062 510 1115 nomine
531 1059 669 1115 Lutatii
693 1058 865 1116 Grammatici
887 1073 902 1112 e
922 1074 973 1113 ms.
998 1057 1057 1114 cod
1079 1056 1126 1112 de·

178 1146 298 1217 scriptae
313 1145 459 1216 aGeorgio
474 1141 598 1199 Fabricio
614 1160 670 1199 uon
685 1143 819 1199 Lactantii
832 1150 898 1198 suut
910 1142 1055 1198 Thebaidis
1070 1151 1127 1198 sta·

180 1229 269 1285 tianae
289 1231 451 1303 interpretis
467 1229 514 1283 sed
529 1227 708 1284 Albertiui
724 1227 879 1283 llussati.
906 1229 1079 1301 repperimus
1094 1242 1126 1281 ea

179 1314 208 1367 in
229 1312 308 1367 libris
333 1314 470 1385 gothanis.
495 1332 519 1367 v.
536 1311 656 1368 Scriueri
676 1321 740 1368 nota
762 1320 790 1367 et
805 1310 1030 1384 Wolleubergius
1052 1310 1089 1382 (Z.
1105 1310 1126 1367 f.

179 1399 209 1451 Α.
225 1413 299 1453 x1111
314 1396 419 1470 (1860)
439 1415 466 1471 p.
485 1395 565 1469 717).
612 1396 642 1453 4.
669 1396 788 1470 quaein
809 1396 930 1452 editione
952 1396 1126 1452 Gronouiaua

181 1481 299 1555 singulis
315 1481 416 1538 fabulis
431 1482 600 1555 praecedunt
616 1481 746 1538 confinxit
760 1480 962 1537 l'aruabius.
995 1481 1024 1537 5.
1045 1497 1127 1553 argu·

179 1575 270 1623 menta
292 1568 441 1623 metrica
458 1584 472 1621 a
488 1567 613 1623 Bothio
635 1567 706 1622 edita
722 1573 788 1621 sunt
803 1565 1005 1638 Hieronymi
1020 1564 1125 1621 Balbi.

178 1650 293 1707 Bothius
317 1669 348 1706 ea
370 1652 523 1724 desumpsit
544 1668 576 1707 ex
592 1651 713 1707 editione
727 1649 844 1706 Caroli
859 1649 1034 1705 l'eruaudi
1055 1648 1085 1721 (i.
1101 1666 1125 1704 e

181 1736 241 1791 cod.
262 1735 349 1791 Paris.
372 1735 454 1792 8035
480 1753 507 1790 u.
530 1752 613 1808 supra
634 1753 662 1808 p.
682 1750 827 1792 xxxv1111.
872 1732 1030 1807 Hieronymi
1050 1733 1125 1789 balbi

180 1836 263 1892 opera
279 1819 387 1891 poetica
402 1818 466 1874 coll.
483 1820 508 1874 J.
524 1818 557 1873 de
572 1819 669 1874 lietzer
683 1818 795 1874 Vindob.
814 1818 893 1877 1791
910 1819 920 1873 l
937 1817 1018 1891 247).

241 1903 384 1959 Postremo
402 1903 541 1976 quomodo
558 1904 655 1959 harum
670 1904 872 1976 tragoediarum
885 1903 1048 1959 edendarum
1061 1920 1128 1977 ope·

179 2004 237 2042 rant
252 1988 324 2043 inter
338 2004 391 2043 uos
406 1989 493 2043 simus
508 1990 603 2062 partiti
624 1996 655 2043 ut
669 1988 800 2043 breuibus
816 1988 1005 2051 ostendamus,
1029 1988 1127 2061 quinas

181 2078 296 2145 uterque
313 2071 416 2128 fabulas
439 2074 516 2145 quasi
532 2072 697 2145 peculiarem
713 2073 871 2129 recensendi
887 2073 1057 2145 prouinciam
1074 2072 1127 2128 sibi

180 2156 265 2229 elegit
286 2155 352 2228 (RP:
376 2155 605 2213 ltro'tnhlln
624 2187 659 2195 —
678 2156 735 2212 GR:
758 2157 852 2211 Tlllr.
874 2156 987 2213 PinPn
1006 2157 1126 2229 doct),

179 2240 226 2295 sed
241 2242 279 2296 ita
295 2248 325 2296 nt
341 2247 369 2295 et
388 2242 417 2295 in
433 2240 590 2297 adhibendis
607 2240 714 2297 auxiliis
733 2240 835 2297 criticis
856 2250 884 2295 et
903 2242 932 2296 in
947 2244 1043 2297 metris
1058 2258 1126 2297 con-

178 2324 325 2381 stituendis
345 2340 396 2380 uec
416 2324 517 2381 nonin
544 2325 743 2399 orthographia
763 2333 791 2380 et
811 2326 892 2382 modo
913 2326 1126 2399 interpungendi

179 2408 249 2464 idem
265 2424 444 2481 sequeremur
458 2410 601 2466 consilium
618 2427 649 2463 ae
664 2412 806 2465 rationem.
837 2410 911 2466 llanc
926 2410 1125 2483 praelationem

177 2500 206 2548 et
221 2493 324 2549 iudices
341 2496 476 2549 communi
492 2492 585 2549 labore
601 2495 806 2567 conposuimus.

239 2609 404 2684 scripsimus
419 2628 511 2668 mense
527 2612 623 2667 llartio
639 2628 842 2669 mncocnxvn.

547 2896 749 2903 -—-———-——
