2550 3917
442 228 623 276 unncvuns
641 215 832 298 [onrauvs]
1029 216 1093 282 369

171 372 281 433 {assata
298 371 381 450 prior
398 376 442 430 est
456 386 515 428 nox
531 375 559 429 et
575 377 741 431 extremum
757 371 846 430 chaos

171 459 206 518 in
221 474 268 518 me
283 455 455 516 incucurrit.
488 453 557 514 inde
572 453 608 514 ad
623 453 705 516 hunc
721 454 824 515 orbern
840 455 905 516 redi

171 559 262 602 nemo
277 539 356 601 unde
370 547 461 599 retro.
492 537 612 599 tulimus
628 541 731 600 oceani
747 541 842 599 minas

169 643 230 687 nec
245 625 304 685 ulla
320 622 412 684 ualuit
428 631 550 702 quatere
565 631 726 702 tempestas
741 630 835 684 ratem
1111 637 1144 686 50

170 726 394 789 quamcumque
409 708 514 784 pressi.
546 724 616 784 pars
632 714 721 786 quota
743 715 787 769 est
802 726 891 787 quam
906 710 1091 790 prosequor?

171 799 233 856 iarn
250 810 362 854 uacuus
377 791 479 854 aether
495 809 553 851 non
571 800 670 870 potest
685 793 752 853 odio
767 802 835 853 tuae

171 879 313 941 sufficere
329 885 440 955 nuptae
457 893 590 954 quasque
605 875 761 938 deuineam
778 877 857 938 ieras

173 963 263 1024 telius
278 963 361 1022 timet
376 962 536 1040 concipere
551 978 608 1021 nec
623 970 756 1022 monstra
771 963 893 1023 inuenit.

171 1049 256 1109 serae
270 1045 436 1124 negantur?
459 1044 603 1106 Hercules
618 1048 742 1107 monstri
757 1045 823 1107 loco

172 1135 234 1193 iam
250 1127 347 1209 coepit
362 1147 442 1191 esse:
466 1137 575 1207 quanta
590 1134 668 1191 enim
683 1131 759 1209 iregi
774 1130 867 1201 mala,

170 1223 248 1297 quot
262 1215 374 1276 scelera
391 1214 498 1275 nudus.
529 1214 668 1293 quicquid
684 1217 803 1276 inmane
820 1215 946 1285 obstitit,

170 1301 256 1361 solae
271 1317 376 1360 manus
391 1306 535 1360 strauere.
566 1316 621 1360 nec
637 1300 755 1361 iuuenis
770 1299 849 1360 ieras

172 1387 260 1446 timui
275 1403 331 1445 nec
348 1383 454 1444 inians.
486 1383 625 1461 quicquid
641 1391 685 1444 est
700 1385 828 1452 iussum,
844 1383 911 1446 leue
927 1392 971 1445 est

172 1489 229 1531 nec
245 1468 302 1530 ulla
319 1467 405 1529 nobis
420 1469 518 1546 segnis
533 1467 638 1528 iniuxit
654 1469 724 1532 dies.
1110 1481 1145 1530 co

172 1574 194 1614 o
209 1563 317 1634 quanta
334 1553 397 1614 iudi
413 1560 544 1612 monstra
560 1571 636 1631 quae
652 1553 751 1614 nuilus
766 1553 839 1614 mihi

173 1657 228 1700 rex
244 1639 411 1716 imperauit.
443 1638 549 1698 institit
563 1637 659 1698 uirtus
673 1638 746 1699 mihi

174 1723 289 1784 {unone
304 1723 398 1800 peior.
430 1721 481 1782 sed
499 1720 569 1800 quid
585 1721 758 1799 inpauidum
774 1739 869 1798 genus

174 1807 280 1868 iecisse
295 1805 436 1885 prodest?
458 1823 517 1865 non
532 1805 645 1867 habent
659 1824 762 1885 pacem
779 1807 842 1867 dei:

175 1900 300 1972 purgata
318 1890 405 1951 telius
422 1890 517 1950 omnis
531 1891 561 1949 in
578 1890 660 1951 caelo
676 1891 757 1952 uidet

176 1977 387 2055 quodcumque
401 1975 513 2035 timuit:
537 1974 687 2035 transtulit
701 1976 775 2036 luno
789 1977 877 2037 ieras.

177 2060 270 2122 ambit
284 2067 457 2139 peremptus
473 2076 581 2120 cancer
596 2059 750 2121 ardentem
765 2060 881 2138 plagam

177 2145 344 2224 Libyaeque
361 2145 442 2204 sidus
456 2142 553 2204 fertur
569 2149 598 2203 et
613 2161 725 2205 messes
740 2143 798 2205 aiit.

175 2247 285 2290 annum
301 2231 437 2306 fugacem
452 2228 542 2288 tradit
556 2229 697 2290 Astraeae
710 2228 774 2300 leo,

176 2321 206 2374 at
220 2315 284 2394 ipse
299 2315 411 2374 iactans
427 2312 572 2373 feruidam
588 2312 666 2374 colio
681 2313 780 2398 iubam

176 2406 307 2459 austrum
325 2397 492 2458 madentem
509 2398 601 2458 siccat
616 2404 646 2458 et
660 2398 778 2460 nimbos
793 2400 879 2477 rapit.

244 2569 277 2618 tr
295 2568 406 2616 Laxata
424 2581 535 2632 pernae
553 2581 606 2617 nox
623 2567 650 2616 A
677 2567 710 2617 L.
728 2583 778 2632 per
795 2583 838 2618 me
857 2570 1005 2619 estnoxR
1027 2569 1096 2619 Los-

176 2639 240 2684 ssto
262 2637 338 2700 prior
361 2639 404 2684 est
426 2650 481 2684 nox
498 2633 524 2683 E
553 2634 664 2684 Laxata
681 2635 769 2700 peior
785 2650 840 2685 nox
863 2635 943 2689 Grau.
973 2637 1095 2687 Lassata

175 2718 225 2764 per
237 2718 290 2752 me.
310 2703 371 2752 Nox
385 2702 437 2752 GR.
450 2697 462 2768 ΙΙ
474 2704 507 2752 48
522 2702 676 2752 incucurrit
688 2702 713 2751 Ε
730 2703 884 2767 incurritur
903 2704 1025 2754 cucurrit
1037 2706 1062 2753 A
1083 2705 1096 2768 i]

175 2772 209 2821 49
230 2770 312 2820 Unde
335 2785 414 2819 omne
437 2773 511 2820 retro
537 2772 579 2818 est
601 2769 626 2818 E
656 2769 736 2821 Unde
758 2785 838 2820 nemo
862 2775 935 2822 retro
959 2779 982 2835 ψ
1006 2774 1097 2833 (retro

178 2842 221 2888 est
244 2837 283 2902 R)
317 2835 350 2887 U.
373 2842 446 2887 retro
469 2852 549 2886 nemo
573 2851 592 2886 α
626 2837 712 2888 Nemo
737 2838 809 2888 unde
832 2842 905 2890 retro
927 2841 1023 2903 scripsi
1043 2856 1097 2889 cum

177 2906 304 2955 Ascensio
315 2899 327 2970 ΙΙ
339 2906 370 2955 51
390 2905 570 2968 Quacumque
588 2905 652 2955 uta
664 2901 676 2970 ΙΙ
687 2907 790 2970 pressit
807 2905 832 2955 E
843 2902 855 2972 ΙΙ
867 2922 980 2972 perseus
998 2908 1053 2957 mei
1072 2908 1097 2957 E

177 2975 243 3023 unde
255 2973 362 3023 Nereus
375 2972 430 3022 mei
443 2974 474 3026 ct.
490 2973 564 3022 NHo.
577 2966 588 3037 Η
602 2985 683 3034 quom
696 2988 846 3038 prosequor
858 2975 883 3024 A
920 2977 952 3026 52
970 2989 1060 3040 uagus
1072 2975 1097 3024 E

177 3055 283 3090 uacuus
302 3040 326 3089 A
356 3040 465 3089 uarius
482 3041 631 3104 scripserim
649 3043 713 3090 conl.
730 3058 771 3094 rur.
789 3043 823 3092 65
841 3044 872 3091 '12
930 3043 1021 3108 potuit
1037 3043 1063 3092 Ε
1082 3045 1095 3105 Η

176 3107 397 3158 mitescerent
417 3107 500 3157 duro
523 3110 535 3173 ΙΙ
558 3107 591 3158 56
615 3112 722 3172 quante.
738 3124 812 3158 nunc
829 3109 902 3174 fregi
920 3123 942 3160 to
972 3125 998 3174 q.
1019 3126 1097 3160 eon·

177 3175 251 3240 fregi
269 3177 341 3225 Deir.
373 3191 399 3240 q.
424 3177 510 3225 enim
533 3175 554 3226 f.
574 3175 623 3225 Bo.
654 3179 757 3239 quanta
777 3177 880 3227 adhuc
898 3179 931 3228 ci.
951 3177 1005 3229 GR.
1028 3174 1041 3244 ss
1064 3179 1097 3229 69

178 3242 240 3294 leue
259 3248 302 3294 est
320 3244 359 3294 εΑ
381 3247 424 3294 est
441 3259 487 3294 om.
507 3239 599 3310 ψΗ64
616 3243 747 3377 Freqisse
759 3244 785 3292 E
802 3244 916 3296 Fecisse
929 3245 954 3295 A
968 3241 979 3311 Η
991 3247 1024 3296 66
1041 3247 1097 3296 fer-

179 3314 223 3360 tur
241 3315 269 3362 st
287 3327 323 3360 m.
341 3329 363 3362 ω
381 3311 504 3361 fertilis
522 3326 556 3360 m.
577 3311 653 3360 NHs.
672 3307 677 3378 Ι
700 3325 809 3362 menses
826 3312 852 3361 Ε
870 3328 974 3364 messes
992 3315 1017 3364 A
1035 3309 1047 3379 ΙΙ
1065 3315 1097 3364 69

178 3378 307 3444 fugacem
319 3380 345 3429 E
361 3381 388 3428 V
386 3395 435 3431 ose.
449 3379 554 3430 IPurr's.
573 3379 701 3443 fugasem
714 3379 891 3430 &ottonianus
909 3382 1024 3446 fugatae
1037 3384 1063 3432 A
1083 3382 1096 3445 Η

178 3447 211 3497 ’10
228 3447 288 3511 ipse
307 3447 333 3496 Ε
351 3446 399 3496 ille
418 3447 443 3495 A
456 3443 467 3504 il
485 3446 544 3497 celo
563 3447 623 3510 Εψ
644 3446 730 3497 collo
748 3464 766 3497 α
785 3449 820 3511 cf.
837 3449 918 3500 Herc.
939 3449 957 3498 I
973 3466 997 3500 u.
1010 3453 1063 3501 953
1083 3451 1096 3514 ΙΙ

181 3515 212 3565 71
232 3516 306 3579 rupit
324 3514 349 3563 Ε
367 3513 453 3564 trahit
472 3516 495 3563 A
520 3511 532 3580 ΙΙ

230 3612 352 3648 ssuscus
367 3612 449 3649 rnna.
852 3598 894 3662 24
